datum,Sales,M01AB,M01AE,N02BA,N02BE,N05B,N05C,R03,R06,Year,Month,Hour,Weekday Name
01-02-2014,48.47,0,3.67,3.4,32.4,7,0,0,2,2014,1,248,Thursday
01-03-2014,107.00,8,4,4.4,50.6,16,0,20,4,2014,1,276,Friday
01-04-2014,91.35,2,1,6.5,61.85,10,0,9,1,2014,1,276,Saturday
01-05-2014,66.10,4,3,7,41.1,8,0,3,0,2014,1,276,Sunday
01-06-2014,58.20,5,1,4.5,21.7,16,2,6,2,2014,1,276,Monday
01-07-2014,0.00,0,0,0,0,0,0,0,0,2014,1,276,Tuesday
01-08-2014,75.23,5.33,3,10.5,26.4,19,1,10,0,2014,1,276,Wednesday
01-09-2014,62.68,7,1.68,8,25,16,0,3,2,2014,1,276,Thursday
01-10-2014,81.30,5,2,2,53.3,15,2,0,2,2014,1,276,Friday
01-11-2014,87.24,5,4.34,10.4,52.3,14,0,1,0.2,2014,1,276,Saturday
01-12-2014,27.16,2,0.66,2.5,12,8,0,1,1,2014,1,276,Sunday
1/13/2014,90.20,7.34,7.66,6.2,52,9,0,7,1,2014,1,276,Monday
1/14/2014,62.33,6,1.33,12.3,33.7,6,1,0,2,2014,1,276,Tuesday
1/15/2014,58.04,4,2.34,5,26.7,12,2,3,3,2014,1,276,Wednesday
1/16/2014,65.60,6,2,4.3,28.3,19,1,5,0,2014,1,276,Thursday
1/17/2014,58.38,2,3.68,8.3,20.4,15,0,6,3,2014,1,276,Friday
1/18/2014,83.33,1,5.33,5.8,43.2,15,4,7,2,2014,1,276,Saturday
1/19/2014,32.43,4.33,4,4,14.1,4,0,1,1,2014,1,276,Sunday
1/20/2014,59.54,6,3.34,3.3,11.9,18,2,12,3,2014,1,276,Monday
1/21/2014,69.34,2,3.34,4,42,15,2,0,1,2014,1,276,Tuesday
1/22/2014,52.10,7,3,7,18.1,10,0,5,2,2014,1,276,Wednesday
1/23/2014,49.07,4,4.67,5.2,26.2,2,3,1,3,2014,1,276,Thursday
1/24/2014,52.61,4.67,7.34,7,19.6,13,1,0,0,2014,1,276,Friday
1/25/2014,81.80,6,9,5,37.8,18,0,5,1,2014,1,276,Saturday
1/26/2014,34.01,4.33,1.68,0,24,4,0,0,0,2014,1,276,Sunday
1/27/2014,56.81,4.34,4.67,1.2,23.6,17,2,1,3,2014,1,276,Monday
1/28/2014,58.52,6,3.34,2.8,13.38,22,5,1,5,2014,1,276,Tuesday
1/29/2014,39.33,5.33,4,2,14,10,1,1,2,2014,1,276,Wednesday
1/30/2014,45.26,3.02,1.34,2.4,25.5,7,1,3,2,2014,1,276,Thursday
1/31/2014,47.68,1,2.68,7.1,26.9,9,0,1,0,2014,1,276,Friday
02-01-2014,84.65,4.33,4.32,5,43,13,1,14,0,2014,2,276,Saturday
02-02-2014,39.70,7,3,0.2,13.5,6,2,8,0,2014,2,276,Sunday
02-03-2014,64.90,5,1,8.5,32.4,16,1,1,0,2014,2,276,Monday
02-04-2014,69.93,1.33,3,7,30.6,8,1,17,2,2014,2,276,Tuesday
02-05-2014,63.62,3,4.02,6.2,32.4,15,1,1,1,2014,2,276,Wednesday
02-06-2014,80.91,3.33,6.68,3.5,41.4,17,2,5,2,2014,2,276,Thursday
02-07-2014,64.43,2.66,8.67,11.7,21.4,19,1,0,0,2014,2,276,Friday
02-08-2014,74.18,3.33,3.35,14.4,37.1,13,1,1,1,2014,2,276,Saturday
02-09-2014,56.50,4,3,2,31.5,10,0,6,0,2014,2,276,Sunday
02-10-2014,90.93,5,10.33,8.5,40.1,20,3,3,1,2014,2,276,Monday
02-11-2014,105.09,10,6.99,13.3,44.6,20,2,6,2.2,2014,2,276,Tuesday
02-12-2014,107.37,9,1.67,9.1,73.6,9,0,5,0,2014,2,276,Wednesday
2/13/2014,84.10,4.33,3.67,10,49.1,13,3,0,1,2014,2,276,Thursday
2/14/2014,76.51,4,4.01,3.2,42.3,13,4,0,6,2014,2,276,Friday
2/15/2014,57.34,1,2.34,2,37,9,0,1,5,2014,2,276,Saturday
2/16/2014,47.88,0,1.68,1.2,34,5,2,3,1,2014,2,276,Sunday
2/17/2014,72.04,7.34,4,12.7,27,13,1,7,0,2014,2,276,Monday
2/18/2014,97.80,7.34,7.36,6.1,45,14,0,13,5,2014,2,276,Tuesday
2/19/2014,105.65,3.33,5.02,5.5,66.8,17,1,6,1,2014,2,276,Wednesday
2/20/2014,66.72,7,7.02,3.2,21.5,16,3,8,1,2014,2,276,Thursday
2/21/2014,61.74,6,4.34,9,25.4,17,0,0,0,2014,2,276,Friday
2/22/2014,54.87,7,3.17,5.7,26,12,0,1,0,2014,2,276,Saturday
2/23/2014,37.34,1,3.34,2,21,10,0,0,0,2014,2,276,Sunday
2/24/2014,50.68,7,4.68,5.5,26.5,4,0,0,3,2014,2,276,Monday
2/25/2014,67.38,5,1.68,11.2,34.5,13,0,0,2,2014,2,276,Tuesday
2/26/2014,62.01,5,4.01,1,34,5,0,12,1,2014,2,276,Wednesday
2/27/2014,58.54,3,6.34,4,33.2,8,1,2,1,2014,2,276,Thursday
2/28/2014,71.66,7,7.36,5.3,37,12,1,2,0,2014,2,276,Friday
03-01-2014,82.18,6.34,3.68,11.355,50.7,8,0,0,2.1,2014,3,276,Saturday
03-02-2014,15.94,3.34,1,2,6.6,2,0,0,1,2014,3,276,Sunday
03-03-2014,36.58,4,3.68,1.6,22.1,1,2,0,2.2,2014,3,276,Monday
03-04-2014,84.84,5.34,7.02,7.2,47.275,9,0,5,4,2014,3,276,Tuesday
03-05-2014,37.34,3.34,1,3,25,4,0,1,0,2014,3,276,Wednesday
03-06-2014,78.60,3,2,5.5,44.1,17,1,5,1,2014,3,276,Thursday
03-07-2014,48.84,4,4.34,9.5,25,3,1,0,2,2014,3,276,Friday
03-08-2014,47.01,4.34,3.07,1,27.6,11,0,0,0,2014,3,276,Saturday
03-09-2014,24.30,1,0,4,11.3,3,0,5,0,2014,3,276,Sunday
03-10-2014,75.83,6.68,5.35,3.8,47,11,0,0,2,2014,3,276,Monday
03-11-2014,68.10,6,5.7,7,30.4,12,1,1,5,2014,3,276,Tuesday
03-12-2014,64.12,6.34,2.68,6.5,19.6,22,3,2,2,2014,3,276,Wednesday
3/13/2014,65.47,2.31,4.36,5.3,15.5,10,0,26,2,2014,3,276,Thursday
3/14/2014,37.22,4.34,1.68,1.2,16,11,0,1,2,2014,3,276,Friday
3/15/2014,67.30,4,2,11,23.3,18,1,6,2,2014,3,276,Saturday
3/16/2014,29.08,2.68,2,1.4,13,6,0,0,4,2014,3,276,Sunday
3/17/2014,64.02,8.68,3.34,7,37,6,1,0,1,2014,3,276,Monday
3/18/2014,50.10,8,4,5,20.1,9,0,0,4,2014,3,276,Tuesday
3/19/2014,36.82,4,3.02,4,21.8,2,0,0,2,2014,3,276,Wednesday
3/20/2014,64.34,3,5.34,1.6,38.2,5,0,7,4.2,2014,3,276,Thursday
3/21/2014,61.18,6,3.68,4.5,40,4,0,2,1,2014,3,276,Friday
3/22/2014,70.38,3.34,2.34,0,26.3,10,2,18,8.4,2014,3,276,Saturday
3/23/2014,35.74,6.34,2,4,19.4,0,1,0,3,2014,3,276,Sunday
3/24/2014,50.78,5.68,1,4,23.6,7,0,6,3.5,2014,3,276,Monday
3/25/2014,61.94,4,1.34,9,38.6,7,0,1,1,2014,3,276,Tuesday
3/26/2014,35.03,2.34,3.99,9,6.7,7,3,3,0,2014,3,276,Wednesday
3/27/2014,40.03,4,0.33,2,20.7,6,1,1,5,2014,3,276,Thursday
3/28/2014,40.67,2.67,2,8,11,3,0,9,5,2014,3,276,Friday
3/29/2014,60.53,4,6.33,4.2,24,8,2,9,3,2014,3,276,Saturday
3/30/2014,28.34,3,2.34,0,12,4,0,0,7,2014,3,276,Sunday
3/31/2014,44.08,5.34,2.34,4,15.4,6,1,4,6,2014,3,276,Monday
04-01-2014,51.68,4.34,1.34,6.5,27.5,5,3,3,1,2014,4,276,Tuesday
04-02-2014,49.58,2,4.68,8.9,23,1,0,7,3,2014,4,276,Wednesday
04-03-2014,32.54,1,1.34,3,19.2,4,0,0,4,2014,4,276,Thursday
04-04-2014,55.67,3,3.67,3,24,9,3,8,2,2014,4,276,Friday
04-05-2014,58.28,2,7.68,10,25.6,5,0,5,3,2014,4,276,Saturday
04-06-2014,25.00,2,1,1,19,1,0,0,1,2014,4,276,Sunday
04-07-2014,55.34,6.34,6,6.5,31.5,4,0,0,1,2014,4,276,Monday
04-08-2014,39.08,4.34,2.34,1.7,19,6,1,0,4.7,2014,4,276,Tuesday
04-09-2014,33.62,6,1.02,1,18,2,1,2,2.6,2014,4,276,Wednesday
04-10-2014,42.01,3.33,1.68,1,18,10,0,4,4,2014,4,276,Thursday
04-11-2014,44.00,6,4,3,25,2,2,0,2,2014,4,276,Friday
04-12-2014,73.86,7.02,3.34,6,23.5,19,0,11,4,2014,4,276,Saturday
4/13/2014,23.00,3,2,2,6,3,0,5,2,2014,4,276,Sunday
4/14/2014,59.65,1.34,4.68,5.35,28.28,10,0,5,5,2014,4,276,Monday
4/15/2014,55.44,4.34,3,6.4,18.7,12,0,10,1,2014,4,276,Tuesday
4/16/2014,43.83,2,1.01,4.2,25.62,1,0,6,4,2014,4,276,Wednesday
4/17/2014,47.88,5.34,0.34,7.2,16,19,0,0,0,2014,4,276,Thursday
4/18/2014,61.30,7,7,8,23.3,10,1,0,5,2014,4,276,Friday
4/19/2014,51.99,7.34,3.35,4,22.3,7,0,3,5,2014,4,276,Saturday
4/20/2014,0.00,0,0,0,0,0,0,0,0,2014,4,276,Sunday
4/21/2014,27.62,1.34,1.68,2.1,13.5,8,0,0,1,2014,4,276,Monday
4/22/2014,57.81,5.34,7.165,3.3,32,8,1,0,1,2014,4,276,Tuesday
4/23/2014,48.58,6.34,2.34,3,24.9,8,1,2,1,2014,4,276,Wednesday
4/24/2014,45.10,2,2,1.1,26,6,0,6,2,2014,4,276,Thursday
4/25/2014,49.92,3,2.02,5,24.9,10,1,1,3,2014,4,276,Friday
4/26/2014,70.51,4.34,2.67,5.5,35,12,1,6,4,2014,4,276,Saturday
4/27/2014,38.54,4,2.34,2,26.2,2,0,1,1,2014,4,276,Sunday
4/28/2014,48.53,1.34,3.09,3,29.1,8,2,0,2,2014,4,276,Monday
4/29/2014,54.45,3.33,4.02,4.4,30.3,6,1,5,0.4,2014,4,276,Tuesday
4/30/2014,79.12,4.34,2.68,7,43.1,11,0,7,4,2014,4,276,Wednesday
05-01-2014,0.00,0,0,0,0,0,0,0,0,2014,5,276,Thursday
05-02-2014,91.48,7.34,7.34,6.3,39.5,16,1,12,2,2014,5,276,Friday
05-03-2014,35.44,4,5.34,2,14.6,5,2,0,2.5,2014,5,276,Saturday
05-04-2014,33.56,1.67,4.69,1.2,20,3,0,0,3,2014,5,276,Sunday
05-05-2014,47.79,3,5.785,5,20,7,0,3,4,2014,5,276,Monday
05-06-2014,60.70,7.34,4.36,4,22,10,2,6,5,2014,5,276,Tuesday
05-07-2014,52.45,3.33,6.32,3,16.8,8,1,3,11,2014,5,276,Wednesday
05-08-2014,46.14,2,2.34,3.4,20.4,10,3,0,5,2014,5,276,Thursday
05-09-2014,44.20,2,5,4.2,16,12,2,1,2,2014,5,276,Friday
05-10-2014,83.40,5,6,9,39.4,15,3,1,5,2014,5,276,Saturday
05-11-2014,34.68,2,2.68,1,17,7,0,1,4,2014,5,276,Sunday
05-12-2014,43.68,4.34,3.34,9,12,8,0,5,2,2014,5,276,Monday
5/13/2014,81.72,3.68,0.34,6.2,32,7,0,25,7.5,2014,5,276,Tuesday
5/14/2014,42.32,1,4.02,6,24.3,4,0,0,3,2014,5,276,Wednesday
5/15/2014,36.66,2.34,2.02,3,19.3,7,0,1,2,2014,5,276,Thursday
5/16/2014,60.34,5.34,7,3,22,10,1,11,1,2014,5,276,Friday
5/17/2014,65.02,2.34,7.68,3,35,14,1,0,2,2014,5,276,Saturday
5/18/2014,26.74,3.34,2,5,9.4,6,0,0,1,2014,5,276,Sunday
5/19/2014,48.08,8.34,3.84,6.1,12.8,5,0,3,9,2014,5,276,Monday
5/20/2014,51.98,1,2.375,7,27,10,1,0,3.6,2014,5,276,Tuesday
5/21/2014,41.58,2,4.68,9.5,15.4,6,1,0,3,2014,5,276,Wednesday
5/22/2014,28.21,3.68,1.33,1.2,8,8,0,2,4,2014,5,276,Thursday
5/23/2014,55.74,5,2.34,3.9,17.5,8,2,10,7,2014,5,276,Friday
5/24/2014,61.71,3,4.713,5,28,11,1,0,9,2014,5,276,Saturday
5/25/2014,27.00,2,3,1,7,8,0,5,1,2014,5,276,Sunday
5/26/2014,44.42,2.68,3.34,7.4,18,7,1,0,5,2014,5,276,Monday
5/27/2014,55.94,0,2.34,5,28.6,12,1,1,6,2014,5,276,Tuesday
5/28/2014,34.14,1.34,5.02,1.4,10.28,9,0,2,5.1,2014,5,276,Wednesday
5/29/2014,57.64,4,5.34,6.3,27,13,0,0,2,2014,5,276,Thursday
5/30/2014,47.54,3.02,2.02,2,21.5,14,0,0,5,2014,5,276,Friday
5/31/2014,66.01,5.67,3.34,2,28,10,0,15,2,2014,5,276,Saturday
06-01-2014,21.68,1,0.68,1,10,4,1,1,3,2014,6,276,Sunday
06-02-2014,63.64,4,4.34,10,23.3,16,3,0,3,2014,6,276,Monday
06-03-2014,48.40,3,2,2.4,24,7,2,5,3,2014,6,276,Tuesday
06-04-2014,42.68,1,4.68,3.5,24,6,0,1,2.5,2014,6,276,Wednesday
06-05-2014,41.02,0.34,4.68,4.5,22.5,4,0,0,5,2014,6,276,Thursday
06-06-2014,49.31,5,1.68,3,16.625,15,2,1,5,2014,6,276,Friday
06-07-2014,75.18,9,3.68,7.5,33,8,1,6,7,2014,6,276,Saturday
06-08-2014,33.00,1,2,3,11,8,0,6,2,2014,6,276,Sunday
06-09-2014,62.67,6.33,1.34,5,18,17,4,0,11,2014,6,276,Monday
06-10-2014,65.16,8.68,2.68,4.3,23,16,2,2,6.5,2014,6,276,Tuesday
06-11-2014,58.82,4.34,0.68,2.3,12.5,16,2,12,9,2014,6,276,Wednesday
06-12-2014,41.14,4.34,3,1,15.8,12,0,2,3,2014,6,276,Thursday
6/13/2014,33.68,1,2.68,5,10,11,0,3,1,2014,6,276,Friday
6/14/2014,37.02,4,5.02,6,8,10,0,1,3,2014,6,276,Saturday
6/15/2014,18.64,0.34,2,0,8,5,0,0,3.3,2014,6,276,Sunday
6/16/2014,49.28,4.34,4.34,7.4,12.2,11,0,5,5,2014,6,276,Monday
6/17/2014,42.34,5,2.34,4,14,12,2,0,3,2014,6,276,Tuesday
6/18/2014,36.70,2,2,4.7,18,6,0,1,3,2014,6,276,Wednesday
6/19/2014,30.33,3,3.33,1,14,8,0,0,1,2014,6,276,Thursday
6/20/2014,44.86,7.34,2.02,3,14.5,9,0,3,6,2014,6,276,Friday
6/21/2014,47.68,6,5.68,2,16,12,3,0,3,2014,6,276,Saturday
6/22/2014,40.02,4,1.02,4,18,8,0,2,3,2014,6,276,Sunday
6/23/2014,55.22,2.34,7.68,3,25.2,12,0,2,3,2014,6,276,Monday
6/24/2014,57.34,3,5.14,4,16.2,23,0,2,4,2014,6,276,Tuesday
6/25/2014,74.14,8,5.34,7,33.8,19,0,0,1,2014,6,276,Wednesday
6/26/2014,50.60,3,2,11.3,19.3,14,0,0,1,2014,6,276,Thursday
6/27/2014,60.64,4.34,1,6,32.3,13,0,1,3,2014,6,276,Friday
6/28/2014,51.68,0.34,5.34,5,20,14,1,1,5,2014,6,276,Saturday
6/29/2014,14.00,0,1,1,10,1,0,0,1,2014,6,276,Sunday
6/30/2014,43.34,6,5.34,1,25,6,0,0,0,2014,6,276,Monday
07-01-2014,39.68,4.34,2.34,2,19,10,0,0,2,2014,7,276,Tuesday
07-02-2014,44.94,3,0.34,4,21.6,7,0,6,3,2014,7,276,Wednesday
07-03-2014,38.51,2.33,5.68,7,12.5,7,2,0,2,2014,7,276,Thursday
07-04-2014,45.54,4.34,4.7,7,10.5,14,0,2,3,2014,7,276,Friday
07-05-2014,62.68,3.34,4.34,6,37,11,1,0,0,2014,7,276,Saturday
07-06-2014,28.20,4,2,3,10.2,9,0,0,0,2014,7,276,Sunday
07-07-2014,37.34,2,3.34,4,13,11,0,0,4,2014,7,276,Monday
07-08-2014,34.68,6.34,2.34,3,14,3,0,5,1,2014,7,276,Tuesday
07-09-2014,39.54,3,6.34,5,13,6,4,0,2.2,2014,7,276,Wednesday
07-10-2014,77.19,2.33,4.66,8,21.2,32,0,5,4,2014,7,276,Thursday
07-11-2014,46.38,2,1.68,3.2,16.5,17,0,5,1,2014,7,276,Friday
07-12-2014,80.62,8.34,2.68,10.5,28.1,12,3,12,4,2014,7,276,Saturday
7/13/2014,23.34,2,1.34,1,17,2,0,0,0,2014,7,276,Sunday
7/14/2014,46.84,5,3.04,3,11.8,19,1,2,2,2014,7,276,Monday
7/15/2014,40.92,3.34,1.68,1,15.6,18,0,0,1.3,2014,7,276,Tuesday
7/16/2014,40.34,4,3.34,3,13,12,1,4,0,2014,7,276,Wednesday
7/17/2014,51.00,2,3,5,25,14,1,0,1,2014,7,276,Thursday
7/18/2014,40.04,9,2.34,1.5,14.2,6,3,0,4,2014,7,276,Friday
7/19/2014,50.75,7.33,7.02,6,8.4,10,0,6,6,2014,7,276,Saturday
7/20/2014,17.44,3,0.34,1,8,5,0,0,0.1,2014,7,276,Sunday
7/21/2014,51.68,3,4.68,8,20,13,1,0,2,2014,7,276,Monday
7/22/2014,32.68,5,5.68,3,9,7,0,1,2,2014,7,276,Tuesday
7/23/2014,41.04,2.67,6.37,2,8,19,0,0,3,2014,7,276,Wednesday
7/24/2014,41.74,5.34,2,4.4,23,5,0,0,2,2014,7,276,Thursday
7/25/2014,43.52,5,2.02,7.5,10,15,1,1,2,2014,7,276,Friday
7/26/2014,70.08,4,6.68,6.2,36.2,13,0,0,4,2014,7,276,Saturday
7/27/2014,28.34,3,1.34,2,10,5,0,6,1,2014,7,276,Sunday
7/28/2014,25.44,2,1.34,2,9.1,9,0,0,2,2014,7,276,Monday
7/29/2014,40.02,2.34,0.68,1,13,15,3,0,5,2014,7,276,Tuesday
7/30/2014,45.02,0.68,1.34,5,13.5,14,0,6,4.5,2014,7,276,Wednesday
7/31/2014,26.84,3,0.34,4,10.5,8,0,0,1,2014,7,276,Thursday
08-01-2014,38.20,2,1,2.2,14,17,1,0,1,2014,8,276,Friday
08-02-2014,62.01,5,2.01,6,29,12,0,5,3,2014,8,276,Saturday
08-03-2014,25.00,5,1,3,6,5,5,0,0,2014,8,276,Sunday
08-04-2014,54.52,4,5.02,6,21.5,14,0,0,4,2014,8,276,Monday
08-05-2014,32.44,2,1.34,3,17.1,9,0,0,0,2014,8,276,Tuesday
08-06-2014,39.40,6,5,1.4,17,7,1,1,1,2014,8,276,Wednesday
08-07-2014,58.02,3.34,2.68,3,33,13,1,0,2,2014,8,276,Thursday
08-08-2014,46.04,5.02,4.02,5,13,12,3,2,2,2014,8,276,Friday
08-09-2014,63.24,4,1.34,6,19,24,3,0,5.9,2014,8,276,Saturday
08-10-2014,17.34,4,0.34,4,3,4,0,0,2,2014,8,276,Sunday
08-11-2014,62.56,8,5.36,9.2,20,18,0,0,2,2014,8,276,Monday
08-12-2014,29.46,0,1.36,4.5,10,8,1,0,4.6,2014,8,276,Tuesday
8/13/2014,43.98,1.34,3.34,1,20.3,11,0,0,7,2014,8,276,Wednesday
8/14/2014,45.74,4,2.34,6,14.4,13,0,0,6,2014,8,276,Thursday
8/15/2014,50.56,4.34,4.02,7,13.2,15,2,3,2,2014,8,276,Friday
8/16/2014,64.43,8,2.43,5,19,27,2,0,1,2014,8,276,Saturday
8/17/2014,17.52,0.34,0.68,2,6.5,7,0,0,1,2014,8,276,Sunday
8/18/2014,65.94,4.34,6,3.1,16.5,21,3,10,2,2014,8,276,Monday
8/19/2014,56.89,11.34,6.35,5,16.1,13,1,3,1.1,2014,8,276,Tuesday
8/20/2014,34.08,5.34,5.34,1.4,9,10,2,0,1,2014,8,276,Wednesday
8/21/2014,43.20,3,1,2,18,16,1,0,2.2,2014,8,276,Thursday
8/22/2014,47.68,6.34,1.34,5,19,15,0,0,1,2014,8,276,Friday
8/23/2014,41.62,3,3.02,1,25.6,5,0,0,4,2014,8,276,Saturday
8/24/2014,28.18,3,2.175,3,7,12,0,1,0,2014,8,276,Sunday
8/25/2014,52.39,4.01,3.175,3,21.2,21,0,0,0,2014,8,276,Monday
8/26/2014,60.68,2.34,5.34,3,31,14,1,1,3,2014,8,276,Tuesday
8/27/2014,53.36,3.34,8.02,4,21,14,0,0,3,2014,8,276,Wednesday
8/28/2014,69.37,2.34,5.36,6,32.67,19,0,4,0,2014,8,276,Thursday
8/29/2014,63.30,6.34,3.68,5,26.28,18,1,0,3,2014,8,276,Friday
8/30/2014,44.70,3.68,3.02,7,13,13,1,0,4,2014,8,276,Saturday
8/31/2014,40.68,0,2.68,1,15,13,0,7,2,2014,8,276,Sunday
09-01-2014,42.06,3.34,1.715,1,15.5,15,0,0,5.5,2014,9,276,Monday
09-02-2014,44.36,2.34,4.68,5.2,20.14,7,0,2,3,2014,9,276,Tuesday
09-03-2014,56.52,7,6.34,4,22.18,12,0,2,3,2014,9,276,Wednesday
09-04-2014,54.62,5.68,5.34,3,17.6,21,1,0,1,2014,9,276,Thursday
09-05-2014,42.38,4,0.779,3,15.6,15,2,0,2,2014,9,276,Friday
09-06-2014,68.54,5.34,5,2.4,15.7,30,2,5,3.1,2014,9,276,Saturday
09-07-2014,29.52,2,5.515,5,7,9,0,0,1,2014,9,276,Sunday
09-08-2014,50.66,1,5.36,3.5,20.8,15,0,1,4,2014,9,276,Monday
09-09-2014,62.08,6.34,2.34,4,29.2,17,0,2,1.2,2014,9,276,Tuesday
09-10-2014,61.98,4.34,3.34,3.5,37.8,12,0,0,1,2014,9,276,Wednesday
09-11-2014,62.54,0,1.34,4,32.2,15,0,10,0,2014,9,276,Thursday
09-12-2014,54.35,2.68,2.67,1,20,19,0,8,1,2014,9,276,Friday
9/13/2014,93.61,3,5.36,4.4,56.85,20,0,1,3,2014,9,276,Saturday
9/14/2014,36.84,1.34,2,2,19.5,6,0,6,0,2014,9,276,Sunday
9/15/2014,47.94,1.34,3,5.4,28.2,9,0,1,0,2014,9,276,Monday
9/16/2014,78.98,4,2.68,0,59.3,13,0,0,0,2014,9,276,Tuesday
9/17/2014,87.94,2.34,6,4,39.6,11,2,19,4,2014,9,276,Wednesday
9/18/2014,58.02,3,2.02,1,44,7,0,0,1,2014,9,276,Thursday
9/19/2014,67.14,2,4.34,7.8,23,8,0,22,0,2014,9,276,Friday
9/20/2014,48.30,4.34,1.855,4.5,20.6,14,1,2,0,2014,9,276,Saturday
9/21/2014,32.42,1,3.02,6,12.4,7,0,0,3,2014,9,276,Sunday
9/22/2014,60.04,3.34,4,5.5,34.2,10,1,0,2,2014,9,276,Monday
9/23/2014,50.84,3,3.34,5.5,26,10,0,1,2,2014,9,276,Tuesday
9/24/2014,49.44,6,3.34,1.4,24.7,14,0,0,0,2014,9,276,Wednesday
9/25/2014,90.37,4.68,6.34,8.2,49.15,15,1,1,5,2014,9,276,Thursday
9/26/2014,74.18,4,3.68,3.5,38,22,2,0,1,2014,9,276,Friday
9/27/2014,80.30,4,2,6,46.3,18,0,0,4,2014,9,276,Saturday
9/28/2014,33.22,0.34,2.68,1,21.2,6,0,0,2,2014,9,276,Sunday
9/29/2014,68.78,7,3.68,2.3,29.8,12,0,10,4,2014,9,276,Monday
9/30/2014,116.64,10,5.34,4,61.3,10,2,22,2,2014,9,276,Tuesday
10-01-2014,76.74,2.34,0,2.4,44,15,0,11,2,2014,10,276,Wednesday
10-02-2014,49.89,2,4.99,5,23.9,11,0,2,1,2014,10,276,Thursday
10-03-2014,80.71,4.33,1.34,5.9,44.14,12,0,11,2,2014,10,276,Friday
10-04-2014,108.35,4.68,7.766,8,49.9,12,1,25,0,2014,10,276,Saturday
10-05-2014,31.34,2,3.34,3,19,1,0,0,3,2014,10,276,Sunday
10-06-2014,93.98,5.34,1.365,2.4,69.875,13,1,0,1,2014,10,276,Monday
10-07-2014,74.24,3,4.34,2.2,41.7,17,1,5,0,2014,10,276,Tuesday
10-08-2014,85.68,3.68,6,7,50,17,0,0,2,2014,10,276,Wednesday
10-09-2014,76.89,1,4.69,6,48.2,10,2,5,0,2014,10,276,Thursday
10-10-2014,78.32,4.34,2.68,9,28.8,24,3,6,0.5,2014,10,276,Friday
10-11-2014,67.92,3.34,3.68,5,35.9,15,0,0,5,2014,10,276,Saturday
10-12-2014,41.33,3,0.33,1.5,22.5,7,0,5,2,2014,10,276,Sunday
10/13/2014,57.78,1.68,4,6.2,31.9,11,0,1,2,2014,10,276,Monday
10/14/2014,63.01,3,5.41,4.8,31.8,7,0,11,0,2014,10,276,Tuesday
10/15/2014,55.88,1.33,6.35,3.5,23.7,14,1,2,4,2014,10,276,Wednesday
10/16/2014,89.02,6.775,3.5103125,2.9375,58.921875,9.0625,0.625,5,2.1875,2014,10,276,Thursday
10/17/2014,77.74,3,2.34,3.4,42,22,3,0,2,2014,10,276,Friday
10/18/2014,65.90,4,6,5.5,21.4,24,0,3,2,2014,10,276,Saturday
10/19/2014,38.23,3.33,3,2,13.9,9,0,6,1,2014,10,276,Sunday
10/20/2014,79.70,3.34,5.66,7.3,35.4,25,2,0,1,2014,10,276,Monday
10/21/2014,59.38,2.34,4.34,6.4,14.3,11,0,20,1,2014,10,276,Tuesday
10/22/2014,38.83,3.33,2,2.6,20.9,7,0,2,1,2014,10,276,Wednesday
10/23/2014,45.87,1.34,4.33,0,32.2,7,1,0,0,2014,10,276,Thursday
10/24/2014,86.04,3.67,2.67,6.3,49.4,18,0,5,1,2014,10,276,Friday
10/25/2014,67.47,2.33,5.14,1,31,21,0,2,5,2014,10,276,Saturday
10/26/2014,44.34,3.34,1,1.6,30.4,6,0,1,1,2014,10,276,Sunday
10/27/2014,63.19,8.34,4.55,4,25.3,17,1,3,0,2014,10,276,Monday
10/28/2014,82.88,4,3.48,10,40.4,23,0,0,2,2014,10,276,Tuesday
10/29/2014,103.60,5,1,6.6,41,20,2,27,1,2014,10,276,Wednesday
10/30/2014,40.30,0,1,5,20.3,11,1,2,0,2014,10,276,Thursday
10/31/2014,57.45,2,2.45,4,31,16,0,0,2,2014,10,276,Friday
11-01-2014,81.97,2.33,2.34,3.5,43.8,22,0,7,1,2014,11,276,Saturday
11-02-2014,11.50,4,0,1,2,3.5,0,0,1,2014,11,276,Sunday
11-03-2014,65.13,7,4.33,1,27.8,19,0,5,1,2014,11,276,Monday
11-04-2014,55.03,6.33,1,5.2,26.5,15,0,0,1,2014,11,276,Tuesday
11-05-2014,55.68,0,1.68,4,27,19,3,1,0,2014,11,276,Wednesday
11-06-2014,60.94,6,2.34,5.2,23.4,23,1,0,0,2014,11,276,Thursday
11-07-2014,71.64,6,10.34,5.5,15.8,32,1,0,1,2014,11,276,Friday
11-08-2014,102.62,12,7.02,6,34.4,24,0,17,2.2,2014,11,276,Saturday
11-09-2014,56.58,3.34,4.34,2.9,23,20,0,2,1,2014,11,276,Sunday
11-10-2014,54.92,1,5.32,3.3,24.3,13,0,7,1,2014,11,276,Monday
11-11-2014,65.00,8,4,2,23,18,0,8,2,2014,11,276,Tuesday
11-12-2014,56.00,3,5,4,25,16,0,3,0,2014,11,276,Wednesday
11/13/2014,60.40,8,2,5,33.2,10,0,0,2.2,2014,11,276,Thursday
11/14/2014,66.74,5.34,0,6,29.4,20,1,2,3,2014,11,276,Friday
11/15/2014,64.27,4.33,5.34,5,23.6,20,2,2,2,2014,11,276,Saturday
11/16/2014,43.28,2,2.68,6,18.6,13,1,0,0,2014,11,276,Sunday
11/17/2014,76.71,9,5.01,5.5,23,23,1,10,0.2,2014,11,276,Monday
11/18/2014,41.47,2.67,2,5,19.3,10.5,1,0,1,2014,11,276,Tuesday
11/19/2014,78.01,1.34,3.67,10,32,17,0,10,4,2014,11,276,Wednesday
11/20/2014,55.80,4,7,5,18.8,13,0,8,0,2014,11,276,Thursday
11/21/2014,47.08,1.34,1.34,3,22.4,16,0,2,1,2014,11,276,Friday
11/22/2014,60.44,6,2.34,3,23.7,15,1,8,1.4,2014,11,276,Saturday
11/23/2014,48.08,4,3.68,6,22.3,11,0,0,1.1,2014,11,276,Sunday
11/24/2014,66.70,4,3,6,30.6,19,1,1,2.1,2014,11,276,Monday
11/25/2014,51.24,5.36,1.68,2,19.2,18,0,2,3,2014,11,276,Tuesday
11/26/2014,64.00,3,5,6,21,13,3,11,2,2014,11,276,Wednesday
11/27/2014,51.17,7,3.67,2.3,21.2,9,1,4,3,2014,11,276,Thursday
11/28/2014,51.32,3.02,1.4,15,15.9,12,1,2,1,2014,11,276,Friday
11/29/2014,60.31,3,2.01,3.3,31,16,0,0,5,2014,11,276,Saturday
11/30/2014,46.61,5.68,1.33,5,22.6,9,1,0,2,2014,11,276,Sunday
12-01-2014,67.75,4.34,4.01,0,36.4,19,0,2,2,2014,12,276,Monday
12-02-2014,53.82,6.99,4.33,3.7,7.8,26,0,4,1,2014,12,276,Tuesday
12-03-2014,70.13,4,3.33,5,16.6,23,2,13,3.2,2014,12,276,Wednesday
12-04-2014,57.64,3,4.34,3.6,28.7,16,1,1,0,2014,12,276,Thursday
12-05-2014,56.00,2.02,5.68,1,28.1,15,1,1,2.2,2014,12,276,Friday
12-06-2014,37.42,3.34,3.68,1,12.4,9,0,7,1,2014,12,276,Saturday
12-07-2014,77.61,5,4.911,4,45.7,6,0,12,0,2014,12,276,Sunday
12-08-2014,35.63,1,3.33,2,20.3,9,0,0,0,2014,12,276,Monday
12-09-2014,52.62,1,2.34,7,27.28,12,1,0,2,2014,12,276,Tuesday
12-10-2014,96.54,3.34,3,2,51.2,28,3,6,0,2014,12,276,Wednesday
12-11-2014,53.97,2.34,5.33,7,16.3,21,2,0,0,2014,12,276,Thursday
12-12-2014,75.68,6.34,2.34,5.6,41.4,18,0,2,0,2014,12,276,Friday
12/13/2014,50.84,1,3.34,2.4,25.1,11,1,7,0,2014,12,276,Saturday
12/14/2014,73.74,10,2.34,4.4,40,10,0,6,1,2014,12,276,Sunday
12/15/2014,84.20,5.34,4.02,7.64,42.2,14,1,9,1,2014,12,276,Monday
12/16/2014,67.88,6.34,1.34,6.2,23,23,3,4,1,2014,12,276,Tuesday
12/17/2014,65.17,3,3.67,3.5,28,17,2,8,0,2014,12,276,Wednesday
12/18/2014,47.27,5,3.67,3,26.6,9,0,0,0,2014,12,276,Thursday
12/19/2014,0.00,0,0,0,0,0,0,0,0,2014,12,276,Friday
12/20/2014,49.96,1,3.66,2,31.3,9,0,0,3,2014,12,276,Saturday
12/21/2014,80.16,4.33,4.33,2,52.5,6,0,10,1,2014,12,276,Sunday
12/22/2014,90.90,3.34,4.68,2.284,19.6,43,1,13,4,2014,12,276,Monday
12/23/2014,88.50,10.5,3,4.6,40.4,13,2,15,0,2014,12,276,Tuesday
12/24/2014,66.60,1,3,1,41.6,16,0,2,2,2014,12,276,Wednesday
12/25/2014,70.84,8.34,2,9.5,31,16,0,2,2,2014,12,276,Thursday
12/26/2014,67.04,3.33,4.01,3,30.7,25,1,0,0,2014,12,276,Friday
12/27/2014,94.07,7.33,5.34,4.4,39,26,0,9,3,2014,12,276,Saturday
12/28/2014,125.50,2.34,10.76,3,80.4,15,0,13,1,2014,12,276,Sunday
12/29/2014,57.99,2.33,3.66,4,40,5,1,2,0,2014,12,276,Monday
12/30/2014,94.43,9,5.63,3.8,51,18,0,5,2,2014,12,276,Tuesday
12/31/2014,83.58,5.67,6.33,2.5,41.08,14,3,10,1,2014,12,276,Wednesday
01-01-2015,0.00,0,0,0,0,0,0,0,0,2015,1,276,Thursday
01-02-2015,88.28,6,5.33,4.9,50.8,13,0,6.25,2,2015,1,276,Friday
01-03-2015,94.91,9,4.67,6,57.24,11,3,0,4,2015,1,276,Saturday
01-04-2015,84.20,4.68,8.92,3.5,60.1,4,0,2,1,2015,1,276,Sunday
01-05-2015,73.26,2.34,3.32,1,33.6,14,0,16,3,2015,1,276,Monday
01-06-2015,77.67,3,9.37,7.3,42,13,0,3,0,2015,1,276,Tuesday
01-07-2015,0.00,0,0,0,0,0,0,0,0,2015,1,276,Wednesday
01-08-2015,73.68,2,7.077,1.2,46.4,13,1,1,2,2015,1,276,Thursday
01-09-2015,96.94,3,4.34,9.4,36.2,33,2,7,2,2015,1,276,Friday
01-10-2015,70.46,6,5.864,7,32.6,14,3,1,1,2015,1,276,Saturday
01-11-2015,85.94,3,7.34,7,43.6,11,1,11,2,2015,1,276,Sunday
01-12-2015,74.77,2.33,3.34,7.5,36.6,18,0,6,1,2015,1,276,Monday
1/13/2015,81.00,10.34,4.66,10,34,14,2,4,2,2015,1,276,Tuesday
1/14/2015,55.34,3,3.34,5,23,20,0,1,0,2015,1,276,Wednesday
1/15/2015,95.92,6.67,3,1,55.25,13,0,15,2,2015,1,276,Thursday
1/16/2015,85.12,6.33,5.99,3.8,43,16,2,6,2,2015,1,276,Friday
1/17/2015,56.56,6.68,5.68,7,19.2,18,0,0,0,2015,1,276,Saturday
1/18/2015,51.24,4,4.34,4.5,20.4,16,0,0,2,2015,1,276,Sunday
1/19/2015,75.12,5.34,2.68,1.1,32,12,0,20,2,2015,1,276,Monday
1/20/2015,78.67,4.34,0.33,6,38,24,1,4,1,2015,1,276,Tuesday
1/21/2015,63.45,4,1,2,37.45,17,1,0,1,2015,1,276,Wednesday
1/22/2015,50.74,4,1.34,4,21.4,19,0,0,1,2015,1,276,Thursday
1/23/2015,69.40,3.67,4.728,8,30,14,0,7,2,2015,1,276,Friday
1/24/2015,120.57,4.34,3.33,9.2,49.7,31,0,22,1,2015,1,276,Saturday
1/25/2015,62.03,4,1.13,1.9,38,11,1,5,0,2015,1,276,Sunday
1/26/2015,79.57,8.5,4.67,4,34.4,15,0,13,0,2015,1,276,Monday
1/27/2015,44.00,2.67,6.33,1,20,14,0,0,0,2015,1,276,Tuesday
1/28/2015,72.34,3,5.34,3,32,18,3,5,3,2015,1,276,Wednesday
1/29/2015,76.15,4.34,5.71,8.7,24.4,16,3,11,3,2015,1,276,Thursday
1/30/2015,43.57,1,1.068,1,20.5,19,1,0,0,2015,1,276,Friday
1/31/2015,76.85,8.34,6.112,5,32.4,12,0,11,2,2015,1,276,Saturday
02-01-2015,63.29,4.34,7.35,7,35.6,7,1,0,1,2015,2,276,Sunday
02-02-2015,55.00,6,4,5.1,20.9,14,0,3,2,2015,2,276,Monday
02-03-2015,65.73,3.33,3,6.2,24.2,18,0,6,5,2015,2,276,Tuesday
02-04-2015,64.21,2.34,2.67,2.4,38.8,6,0,12,0,2015,2,276,Wednesday
02-05-2015,50.42,2,5.57,3,24.85,12,0,2,1,2015,2,276,Thursday
02-06-2015,58.96,3.33,3.33,7.3,23,7,1,13,1,2015,2,276,Friday
02-07-2015,53.50,2,5,1.9,33.6,9,0,0,2,2015,2,276,Saturday
02-08-2015,52.70,1.34,7.759,5.7,29.9,8,0,0,0,2015,2,276,Sunday
02-09-2015,47.17,3.33,3.54,9.6,20.7,8,1,0,1,2015,2,276,Monday
02-10-2015,72.33,3.66,8.67,7,33,11,0,6,3,2015,2,276,Tuesday
02-11-2015,98.24,3,5.14,3.6,48.5,16,0,20,2,2015,2,276,Wednesday
02-12-2015,53.82,3,4,6,23.82,11,1,5,0,2015,2,276,Thursday
2/13/2015,81.84,6.01,4.23,7,29.6,11,1,22,1,2015,2,276,Friday
2/14/2015,64.97,4.33,1.736,6.7,29.2,13,1,5,4,2015,2,276,Saturday
2/15/2015,72.31,11.68,2.33,4.3,38,7,0,7,2,2015,2,276,Sunday
2/16/2015,64.86,3.01,3.75,4,40.1,4,0,10,0,2015,2,276,Monday
2/17/2015,64.22,5.33,8.693,4,36.2,3,0,6,1,2015,2,276,Tuesday
2/18/2015,56.20,1,2.66,1.33,36.212,4,0,11,0,2015,2,276,Wednesday
2/19/2015,59.03,2,3.332,4,36.7,2,2,6,3,2015,2,276,Thursday
2/20/2015,73.49,5.33,4.66,0.5,27,5,0,25,6,2015,2,276,Friday
2/21/2015,82.15,3,5.347,4.8,57,9,0,0,3,2015,2,276,Saturday
2/22/2015,77.94,2,4.34,2,50.6,7,0,11,1,2015,2,276,Sunday
2/23/2015,100.06,5,3.16,7.5,55.4,9,0,20,0,2015,2,276,Monday
2/24/2015,59.29,3.68,3.34,6.2,22.07,11,0,11,2,2015,2,276,Tuesday
2/25/2015,55.43,7,6.33,6.1,24,8,0,2,2,2015,2,276,Wednesday
2/26/2015,61.70,6,2,2,36.7,13,0,1,1,2015,2,276,Thursday
2/27/2015,68.80,6.33,4.473,5,51,1,1,0,0,2015,2,276,Friday
2/28/2015,53.87,6.34,3.33,1.6,26.6,9,0,4,3,2015,2,276,Saturday
03-01-2015,56.49,9,7.893,2.7,25.9,3,4,0,4,2015,3,276,Sunday
03-02-2015,67.55,6.67,4.68,3.5,40.7,6,1,2,3,2015,3,276,Monday
03-03-2015,83.13,8,6.03,4.5,45.6,14,0,1,4,2015,3,276,Tuesday
03-04-2015,81.50,9.68,5.67,3.3,46.85,4,0,11,1,2015,3,276,Wednesday
03-05-2015,48.33,6,2.33,3,35,2,0,0,0,2015,3,276,Thursday
03-06-2015,36.47,2,2.67,6,19.8,4,0,1,1,2015,3,276,Friday
03-07-2015,7.33,3.33,1,1,2,0,0,0,0,2015,3,276,Saturday
03-08-2015,79.20,6,3.397,2.4,55.4,9,0,2,1,2015,3,276,Sunday
03-09-2015,54.70,2,3,5,32.7,10,0,1,1,2015,3,276,Monday
03-10-2015,65.40,1.34,3.66,5,40.4,6,0,6,3,2015,3,276,Tuesday
03-11-2015,64.20,11,5,3.2,32,9,0,4,0,2015,3,276,Wednesday
03-12-2015,44.17,2.68,6.387,6.1,19,5,0,2,3,2015,3,276,Thursday
3/13/2015,91.43,4,3.33,6.7,63.4,11,2,1,0,2015,3,276,Friday
3/14/2015,71.09,2.66,4.33,4,39.1,9,0,9,3,2015,3,276,Saturday
3/15/2015,69.50,3.34,4.16,3,41,3,0,12,3,2015,3,276,Sunday
3/16/2015,71.71,8,3.01,4.9,46.8,8,0,0,1,2015,3,276,Monday
3/17/2015,53.40,5,3,4.6,28.8,9,1,2,0,2015,3,276,Tuesday
3/18/2015,66.03,7.33,2,5.3,24.4,5,0,20,2,2015,3,276,Wednesday
3/19/2015,58.83,2,2.33,1.5,31,7,0,15,0,2015,3,276,Thursday
3/20/2015,69.60,1,7,3,38.6,13,1,5,1,2015,3,276,Friday
3/21/2015,70.27,10.33,3.34,3,41.6,4,0,6,2,2015,3,276,Saturday
3/22/2015,79.21,8.34,6.67,2,43.2,9,0,10,0,2015,3,276,Sunday
3/23/2015,48.34,2,4.34,7,28,5,0,0,2,2015,3,276,Monday
3/24/2015,60.07,4,5.472,5.2,22.4,8,2,9,4,2015,3,276,Tuesday
3/25/2015,62.34,3.68,8.66,6.4,17.6,10,2,13,1,2015,3,276,Wednesday
3/26/2015,82.15,5,1.747,3,51.4,10,0,6,5,2015,3,276,Thursday
3/27/2015,60.67,3,2.67,2,27,3,0,22,1,2015,3,276,Friday
3/28/2015,65.89,1.33,3.056,3,50.5,6,0,0,2,2015,3,276,Saturday
3/29/2015,66.53,6,5.727,2.3,35.5,7,0,8,2,2015,3,276,Sunday
3/30/2015,50.86,6.33,4.827,10,25.7,4,0,0,0,2015,3,276,Monday
3/31/2015,62.70,5,2,11.2,33.5,5,0,2,4,2015,3,276,Tuesday
04-01-2015,48.47,6.34,1.33,1,24.8,7,2,5,1,2015,4,276,Wednesday
04-02-2015,60.46,5,3.99,5.4,35.07,3,0,3,5,2015,4,276,Thursday
04-03-2015,61.85,5.33,2.32,4,34.2,12,0,0,4,2015,4,276,Friday
04-04-2015,76.00,3.67,4.33,6,43,7,1,5,6,2015,4,276,Saturday
04-05-2015,49.45,3.34,5.01,4.5,31.6,4,0,0,1,2015,4,276,Sunday
04-06-2015,57.86,7.33,3.33,5.3,32.9,4,0,3,2,2015,4,276,Monday
04-07-2015,58.36,6,3.66,6.7,25,8,0,8,1,2015,4,276,Tuesday
04-08-2015,52.33,4,2.33,3,18,11,0,10,4,2015,4,276,Wednesday
04-09-2015,52.53,1.33,6,8,22.2,8,0,6,1,2015,4,276,Thursday
04-10-2015,105.95,9.84,6.505,4,65.6,5,2,8,5,2015,4,276,Friday
04-11-2015,64.08,11.68,3,3.4,26,9,0,5,6,2015,4,276,Saturday
04-12-2015,0.00,0,0,0,0,0,0,0,0,2015,4,276,Sunday
4/13/2015,55.21,6.67,1.34,7,25.2,5,0,3,7,2015,4,276,Monday
4/14/2015,71.47,4.66,6.01,7,41.8,5,0,5,2,2015,4,276,Tuesday
4/15/2015,53.58,2,2.33,3,29.25,15,0,0,2,2015,4,276,Wednesday
4/16/2015,61.14,2.34,1,7.2,30.6,7,0,9,4,2015,4,276,Thursday
4/17/2015,57.64,9.33,3.66,3,29.65,6,0,1,5,2015,4,276,Friday
4/18/2015,48.63,7.33,3,1,31.3,1,0,1,4,2015,4,276,Saturday
4/19/2015,60.15,9.32,5.528,3.8,36.5,3,0,0,2,2015,4,276,Sunday
4/20/2015,66.74,3,5.043,3.7,38,13,0,1,3,2015,4,276,Monday
4/21/2015,59.53,6.33,1,2,35.2,9,0,0,6,2015,4,276,Tuesday
4/22/2015,47.16,1.33,4.627,3.2,32,3,0,1,2,2015,4,276,Wednesday
4/23/2015,47.20,4,1,1,28.2,8,0,1,4,2015,4,276,Thursday
4/24/2015,56.00,10,1,4,30,5,0,1,5,2015,4,276,Friday
4/25/2015,61.27,5,3.165,8,38.1,3,0,1,3,2015,4,276,Saturday
4/26/2015,60.60,7,6,3,37.6,5,0,1,1,2015,4,276,Sunday
4/27/2015,70.78,3,0.78,4,43,10,0,0,10,2015,4,276,Monday
4/28/2015,45.30,4.33,4.67,3.1,15.2,7,0,5,6,2015,4,276,Tuesday
4/29/2015,50.23,2,0.43,4.2,27.6,2,0,11,3,2015,4,276,Wednesday
4/30/2015,63.93,3,8.727,2.6,32.6,7,0,3,7,2015,4,276,Thursday
05-01-2015,32.06,5.34,1.68,4.94,11.4,4,0,0,4.7,2015,5,276,Friday
05-02-2015,72.46,5,3.66,3,47.8,6,2,0,5,2015,5,276,Saturday
05-03-2015,40.04,6.67,1.066,2.1,19.2,4,0,1,6,2015,5,276,Sunday
05-04-2015,72.62,4,4.723,8.6,36,5,1,10,3.3,2015,5,276,Monday
05-05-2015,41.30,3.34,3.462,2,19,6,0,5,2.5,2015,5,276,Tuesday
05-06-2015,70.36,4.66,6.497,2,40.2,11,0,0,6,2015,5,276,Wednesday
05-07-2015,48.34,2,3.34,2,21,4,1,5,10,2015,5,276,Thursday
05-08-2015,41.34,1,6.34,5,16,8,0,4,1,2015,5,276,Friday
05-09-2015,55.40,3.66,4.34,7.4,21,11,1,1,6,2015,5,276,Saturday
05-10-2015,39.57,3.34,5.427,3.8,13,3,0,1,10,2015,5,276,Sunday
05-11-2015,49.89,3.33,6.66,5.9,21,3,0,6,4,2015,5,276,Monday
05-12-2015,61.47,7.33,1.99,8.2,22.95,13,0,0,8,2015,5,276,Tuesday
5/13/2015,60.34,8,3.44,9,28.4,5,0,2,4.5,2015,5,276,Wednesday
5/14/2015,31.07,3,5.067,3,14,1,0,0,5,2015,5,276,Thursday
5/15/2015,77.77,3.34,6.53,4.3,48.4,8,0,4,3.2,2015,5,276,Friday
5/16/2015,61.57,5,4.066,4.1,40.4,4,0,0,4,2015,5,276,Saturday
5/17/2015,44.53,5,3.33,5,23.2,0,0,0,8,2015,5,276,Sunday
5/18/2015,47.51,7,2.713,5.2,21.4,6,1,2,2.2,2015,5,276,Monday
5/19/2015,38.66,3,1.66,3,20,8,0,0,3,2015,5,276,Tuesday
5/20/2015,55.14,5.67,6.465,2,17,12,1,5,6,2015,5,276,Wednesday
5/21/2015,30.26,6,1.957,3,10,5,0,1,3.3,2015,5,276,Thursday
5/22/2015,35.20,3,0.198,2,15,8,0,0,7,2015,5,276,Friday
5/23/2015,55.82,5.68,2.69,5,23.45,10,0,2,7,2015,5,276,Saturday
5/24/2015,42.40,5.33,7.769,3,20,5,0,0,1.3,2015,5,276,Sunday
5/25/2015,63.99,9.66,3.33,4,30,11,3,0,3,2015,5,276,Monday
5/26/2015,85.18,7.34,3.34,4.5,27,11,0,22,10,2015,5,276,Tuesday
5/27/2015,40.86,4,2.66,2,24.2,7,0,0,1,2015,5,276,Wednesday
5/28/2015,58.13,6,2.33,6.7,17.1,3,0,20,3,2015,5,276,Thursday
5/29/2015,70.14,6.33,5.01,3,41.8,6,0,5,3,2015,5,276,Friday
5/30/2015,63.18,14,2.68,6,24.5,4,0,4,8,2015,5,276,Saturday
5/31/2015,58.00,3,4.697,6.3,31.5,2,0,0,10.5,2015,5,276,Sunday
06-01-2015,52.71,4.66,5,2.5,23.55,12,0,2,3,2015,6,276,Monday
06-02-2015,71.23,8.33,8,7.9,24,10,4,3,6,2015,6,276,Tuesday
06-03-2015,58.96,5,1.66,5.3,30,9,0,6,2,2015,6,276,Wednesday
06-04-2015,38.33,2.33,4,3,20,5,0,2,2,2015,6,276,Thursday
06-05-2015,37.67,5,0.67,5,13,6,0,1,7,2015,6,276,Friday
06-06-2015,50.36,3.68,3.68,2,16,6,0,17,2,2015,6,276,Saturday
06-07-2015,65.35,6.34,5.01,2,17,6,1,22,6,2015,6,276,Sunday
06-08-2015,66.16,6,5.66,2.5,31,10,1,3,7,2015,6,276,Monday
06-09-2015,56.20,3,4,4,26.6,14,0,0,4.6,2015,6,276,Tuesday
06-10-2015,49.03,4.34,3.01,8,18.676,6,0,7,2,2015,6,276,Wednesday
06-11-2015,66.73,6,2.33,5.1,38.3,11,0,1,3,2015,6,276,Thursday
06-12-2015,31.83,1.67,1.66,2,17.5,2,2,0,5,2015,6,276,Friday
6/13/2015,57.69,2.33,4.66,7.3,21.4,6,0,12,4,2015,6,276,Saturday
6/14/2015,35.27,5,3.67,1.6,14,6,0,3,2,2015,6,276,Sunday
6/15/2015,73.36,4,3.36,5,37,9,0,6,9,2015,6,276,Monday
6/16/2015,53.34,7,3.34,4,20,6,0,8,5,2015,6,276,Tuesday
6/17/2015,72.64,3.66,3.32,8.66,24,10,1,20,2,2015,6,276,Wednesday
6/18/2015,70.53,3,5.33,7,24.6,4,0,23,3.6,2015,6,276,Thursday
6/19/2015,67.74,5.33,4.01,3.1,24,13,2,10,6.3,2015,6,276,Friday
6/20/2015,64.14,9.34,3,3,26.8,5,0,10,7,2015,6,276,Saturday
6/21/2015,46.02,9.34,0.68,5,18,5,0,6,2,2015,6,276,Sunday
6/22/2015,56.82,5.17,6.99,9.6,29.062,0,0,1,5,2015,6,276,Monday
6/23/2015,49.84,4.67,5.67,3.5,19,7,0,5,5,2015,6,276,Tuesday
6/24/2015,51.63,3.83,4,7,23.8,5,1,4,3,2015,6,276,Wednesday
6/25/2015,47.80,6.33,4.34,6,24.125,4,0,0,3,2015,6,276,Thursday
6/26/2015,46.50,7.17,0.33,2,29,3,0,1,4,2015,6,276,Friday
6/27/2015,65.66,7.33,3.33,6,36,10,0,1,2,2015,6,276,Saturday
6/28/2015,41.39,5.34,4.65,7.4,12,0,0,6,6,2015,6,276,Sunday
6/29/2015,64.34,5.68,3.66,4,22,15,0,11,3,2015,6,276,Monday
6/30/2015,64.97,1,4.67,6,35,12,0,2,4.3,2015,6,276,Tuesday
07-01-2015,75.16,8.83,5.68,5.4,18.25,14,1,12,10,2015,7,276,Wednesday
07-02-2015,35.15,3,2,1,23.15,3,0,1,2,2015,7,276,Thursday
07-03-2015,59.83,5.5,4.33,3.5,24.5,10,0,8,4,2015,7,276,Friday
07-04-2015,34.09,7.35,2.34,4.2,15.2,2,0,0,3,2015,7,276,Saturday
07-05-2015,42.54,5,4.34,4.2,14,10,0,1,4,2015,7,276,Sunday
07-06-2015,46.18,5.5,4.68,2,20,8,0,3,3,2015,7,276,Monday
07-07-2015,46.42,4.84,4.68,2.3,19.6,5,0,3,7,2015,7,276,Tuesday
07-08-2015,38.95,2,1.35,3,18.6,6,0,5,3,2015,7,276,Wednesday
07-09-2015,47.76,2.34,1.67,2,32.75,4,0,0,5,2015,7,276,Thursday
07-10-2015,82.84,5.5,6.34,5,37,15,0,8,6,2015,7,276,Friday
07-11-2015,77.23,4,2.33,4.9,45,9,0,2,10,2015,7,276,Saturday
07-12-2015,53.46,6.33,5.33,5,25.3,5,0,0,6.5,2015,7,276,Sunday
7/13/2015,42.89,3.68,0.66,8,22.55,5,0,0,3,2015,7,276,Monday
7/14/2015,28.67,0.34,4.33,5,14,1,0,2,2,2015,7,276,Tuesday
7/15/2015,49.35,8.49,1.66,4,20.2,5,0,1,9,2015,7,276,Wednesday
7/16/2015,39.67,8.34,3.33,1,18,3,0,2,4,2015,7,276,Thursday
7/17/2015,38.13,2.5,1.33,1,28,3,0,0,2.3,2015,7,276,Friday
7/18/2015,53.06,3.68,7.38,2,25,8,3,1,3,2015,7,276,Saturday
7/19/2015,35.36,11.68,1.68,2,15,1,0,1,3,2015,7,276,Sunday
7/20/2015,62.51,5.84,4.67,5,41,4,0,0,2,2015,7,276,Monday
7/21/2015,35.13,4.68,1,3.2,14.25,7,0,1,4,2015,7,276,Tuesday
7/22/2015,54.67,9.33,0.34,5,22,10,0,5,3,2015,7,276,Wednesday
7/23/2015,27.50,1.5,4,3,14,3,0,0,2,2015,7,276,Thursday
7/24/2015,66.54,6,6.34,3.6,29.6,9,1,1,10,2015,7,276,Friday
7/25/2015,47.00,4,4,5,22,7,1,0,4,2015,7,276,Saturday
7/26/2015,43.99,5,2.99,3,29,4,0,0,0,2015,7,276,Sunday
7/27/2015,52.18,7.34,3.34,7,24,9,0,0,1.5,2015,7,276,Monday
7/28/2015,54.40,14.18,6.02,1,15.2,14,0,1,3,2015,7,276,Tuesday
7/29/2015,50.06,10.34,3.34,4,21.378,8,0,2,1,2015,7,276,Wednesday
7/30/2015,43.63,3,3.33,14,16.3,3,0,0,4,2015,7,276,Thursday
7/31/2015,58.70,5.5,9,6.2,24,8,0,0,6,2015,7,276,Friday
08-01-2015,49.00,5,5,4,19,14,0,0,2,2015,8,276,Saturday
08-02-2015,41.70,5,6.7,4,15,9,0,0,2,2015,8,276,Sunday
08-03-2015,38.83,1.5,2.33,1.5,23,3.5,1,5,1,2015,8,276,Monday
08-04-2015,44.67,6.34,2.33,3,23,5,1,0,4,2015,8,276,Tuesday
08-05-2015,39.23,5,3.33,4.2,22.2,3.5,0,0,1,2015,8,276,Wednesday
08-06-2015,66.00,5.33,1.67,8,35,11,0,3,2,2015,8,276,Thursday
08-07-2015,54.33,4.33,4,6,22,9,2,1,6,2015,8,276,Friday
08-08-2015,46.36,6.33,5.33,7,22,5,0,0,0.7,2015,8,276,Saturday
08-09-2015,41.66,5,3.66,2,21,5,0,2,3,2015,8,276,Sunday
08-10-2015,61.05,3.67,5.68,4.2,29,12.5,0,1,5,2015,8,276,Monday
08-11-2015,58.49,12.33,6.66,7.4,18.1,10,0,0,4,2015,8,276,Tuesday
08-12-2015,60.06,8.67,7.693,4,28.2,9.5,0,1,1,2015,8,276,Wednesday
8/13/2015,54.44,8,2,6,23.438,9,0,3,3,2015,8,276,Thursday
8/14/2015,38.36,3,4.66,4,16.7,5,0,1,4,2015,8,276,Friday
8/15/2015,67.68,3.34,6.34,6,35,14,1,1,1,2015,8,276,Saturday
8/16/2015,35.92,2,4.67,2,19.25,4,2,0,2,2015,8,276,Sunday
8/17/2015,55.00,8,3,3,33,6,0,0,2,2015,8,276,Monday
8/18/2015,55.68,6.01,2.67,3,24,16,0,3,1,2015,8,276,Tuesday
8/19/2015,65.99,6.33,2.66,8,28,15,0,3,3,2015,8,276,Wednesday
8/20/2015,38.18,3.5,3.68,5,19,6,1,0,0,2015,8,276,Thursday
8/21/2015,57.67,6,0.67,3,34,8,1,1,4,2015,8,276,Friday
8/22/2015,57.08,2.34,6.736,4,28,6,3,1,6,2015,8,276,Saturday
8/23/2015,57.32,8.99,5.33,3,28,8,0,2,2,2015,8,276,Sunday
8/24/2015,69.66,8.5,3.66,3.4,45.1,8,0,0,1,2015,8,276,Monday
8/25/2015,56.51,2.34,2.67,4,23.5,20,0,1,3,2015,8,276,Tuesday
8/26/2015,54.99,2.67,4.02,7.3,27,7,0,1,6,2015,8,276,Wednesday
8/27/2015,59.83,9.33,3,4.5,32,8,0,0,3,2015,8,276,Thursday
8/28/2015,46.77,7,8.67,1,15.1,12,0,0,3,2015,8,276,Friday
8/29/2015,60.38,10.84,10.34,4,23.2,4,3,3,2,2015,8,276,Saturday
8/30/2015,54.52,11,6.02,3.5,21,3,0,6,4,2015,8,276,Sunday
8/31/2015,72.24,4,9.34,3.4,38,9.5,0,6,2,2015,8,276,Monday
09-01-2015,54.67,8.18,2.84,4.4,28.25,8,0,0,3,2015,9,276,Tuesday
09-02-2015,66.13,5.33,7,3,31.3,9.5,0,5,5,2015,9,276,Wednesday
09-03-2015,45.22,1.34,3.68,2.2,19,13,0,4,2,2015,9,276,Thursday
09-04-2015,41.12,3.34,2.68,3.1,20,8,1,1,2,2015,9,276,Friday
09-05-2015,59.54,8.83,6.01,3.2,20,10.5,1,6,4,2015,9,276,Saturday
09-06-2015,59.60,8.33,9.67,6,23.6,8,1,0,3,2015,9,276,Sunday
09-07-2015,60.76,4.34,6.124,2.5,32.8,7,1,5,2,2015,9,276,Monday
09-08-2015,48.56,2.67,1.693,5,29.2,4,0,2,4,2015,9,276,Tuesday
09-09-2015,52.70,2,3,1,34.7,8,0,2,2,2015,9,276,Wednesday
09-10-2015,57.39,6,3.99,4.2,21.2,18,0,2,2,2015,9,276,Thursday
09-11-2015,68.33,11.33,5,9,30,9,0,2,2,2015,9,276,Friday
09-12-2015,91.82,4.66,7.66,5.2,63.3,6,3,0,2,2015,9,276,Saturday
9/13/2015,63.70,7.33,6.165,7.2,25,4,0,11,3,2015,9,276,Sunday
9/14/2015,55.98,4.68,5,1,31.3,14,0,0,0,2015,9,276,Monday
9/15/2015,54.91,3.33,5.076,4.2,23.8,7.5,0,6,5,2015,9,276,Tuesday
9/16/2015,33.31,0.67,4.835,2.2,16.6,6,0,2,1,2015,9,276,Wednesday
9/17/2015,57.66,9.83,6.33,0,35.5,3,0,1,2,2015,9,276,Thursday
9/18/2015,34.67,3.34,1.33,3,16,4,0,4,3,2015,9,276,Friday
9/19/2015,67.82,6.83,0.99,7,37,7,0,4,5,2015,9,276,Saturday
9/20/2015,66.38,9.99,3.99,6.5,28.9,15,0,0,2,2015,9,276,Sunday
9/21/2015,68.70,2,10,2,46.7,6,0,0,2,2015,9,276,Monday
9/22/2015,53.82,6.99,1.33,4,19.5,10,2,5,5,2015,9,276,Tuesday
9/23/2015,58.17,6.16,4.056,3.3,34.65,7,0,2,1,2015,9,276,Wednesday
9/24/2015,56.13,2.99,4.34,4.2,37.6,7,0,0,0,2015,9,276,Thursday
9/25/2015,55.21,4.83,4.98,5.2,25.2,11,0,1,3,2015,9,276,Friday
9/26/2015,67.25,12.42,3.33,2.5,33,6,1,7,2,2015,9,276,Saturday
9/27/2015,28.56,5.83,3,2.3,10.425,3,1,2,1,2015,9,276,Sunday
9/28/2015,46.73,1,1.33,2,15.4,8,0,17,2,2015,9,276,Monday
9/29/2015,58.39,6.33,4.363,1,39.7,7,0,0,0,2015,9,276,Tuesday
9/30/2015,46.15,5.32,4.33,4,22.5,9,0,0,1,2015,9,276,Wednesday
10-01-2015,63.21,9.66,5.99,4,34.562,2,0,5,2,2015,10,276,Thursday
10-02-2015,62.03,5,4.726,4,37.3,5,0,5,1,2015,10,276,Friday
10-03-2015,71.88,10.34,5.34,3,37.2,7,0,7,2,2015,10,276,Saturday
10-04-2015,95.00,7,4,4,59,3,0,16,2,2015,10,276,Sunday
10-05-2015,104.52,5,2.373,2.2,70.95,11,1,7,5,2015,10,276,Monday
10-06-2015,76.58,5.69,3.66,5.5,42.725,9,1,5,4,2015,10,276,Tuesday
10-07-2015,75.29,7.33,2.66,6,44.3,8,0,5,2,2015,10,276,Wednesday
10-08-2015,71.85,8.82,4.33,3,30.7,5,0,20,0,2015,10,276,Thursday
10-09-2015,67.43,2,2.769,7.6,28.062,13,2,10,2,2015,10,276,Friday
10-10-2015,81.62,6.16,5.66,3,46.3,19.5,0,1,0,2015,10,276,Saturday
10-11-2015,106.52,10.33,2.792,7.1,70.3,8,0,3,5,2015,10,276,Sunday
10-12-2015,111.84,9.66,7.33,6,68.85,12,0,5,3,2015,10,276,Monday
10/13/2015,91.33,3.83,7,5.2,63.8,5.5,0,5,1,2015,10,276,Tuesday
10/14/2015,62.49,4.66,7.33,3.9,38.6,7,0,0,1,2015,10,276,Wednesday
10/15/2015,96.91,5.16,5.726,7.3,64.724,4,0,9,1,2015,10,276,Thursday
10/16/2015,75.50,1.67,3.33,5.2,57.3,2,0,5,1,2015,10,276,Friday
10/17/2015,99.88,10.34,2.837,3.4,74.3,8,0,0,1,2015,10,276,Saturday
10/18/2015,94.38,7.34,6.54,4.9,55.6,3,1,8,8,2015,10,276,Sunday
10/19/2015,101.40,12,3.802,3,62.6,3,0,17,0,2015,10,276,Monday
10/20/2015,73.33,3.34,1.99,2.3,44.7,6,0,10,5,2015,10,276,Tuesday
10/21/2015,66.02,8.66,2.363,3.2,36.8,9,1,1,4,2015,10,276,Wednesday
10/22/2015,52.93,4.33,0.34,0,35.262,9,0,2,2,2015,10,276,Thursday
10/23/2015,71.26,7,1.66,10.2,41.4,3,0,6,2,2015,10,276,Friday
10/24/2015,108.69,9.84,8.35,9.1,67.4,8,0,4,2,2015,10,276,Saturday
10/25/2015,82.03,3,3.33,3.1,64.6,4,0,0,4,2015,10,276,Sunday
10/26/2015,88.63,9,5.33,8,53.3,8,1,2,2,2015,10,276,Monday
10/27/2015,97.23,4.33,2,8.5,64.4,7,0,8,3,2015,10,276,Tuesday
10/28/2015,56.66,1,1.66,1,33,11,1,6,2,2015,10,276,Wednesday
10/29/2015,54.62,2.33,3.693,1.3,38.3,8,0,0,1,2015,10,276,Thursday
10/30/2015,77.80,5.33,3.67,3.2,49.6,8,0,5,3,2015,10,276,Friday
10/31/2015,90.71,5.66,4.65,8,58.4,6,0,7,1,2015,10,276,Saturday
11-01-2015,112.32,2.33,7.99,5.6,80.4,11,0,5,0,2015,11,276,Sunday
11-02-2015,75.29,4.66,4.33,4,46.3,7,0,7,2,2015,11,276,Monday
11-03-2015,59.79,1.34,4.35,4.3,41.8,5,0,3,0,2015,11,276,Tuesday
11-04-2015,101.64,8.5,2.34,3,59.8,18,3,3,4,2015,11,276,Wednesday
11-05-2015,65.29,4.33,3.561,7.4,45,3,0,0,2,2015,11,276,Thursday
11-06-2015,53.54,3.33,6.736,4,31.475,5,2,1,0,2015,11,276,Friday
11-07-2015,104.81,4,3.11,4.8,69.9,15,1,6,1,2015,11,276,Saturday
11-08-2015,86.80,6.33,3.67,7.2,48.6,7,0,13,1,2015,11,276,Sunday
11-09-2015,71.81,3.66,6.198,4.2,40.75,3,1,12,1,2015,11,276,Monday
11-10-2015,84.01,6.33,7.482,10,41.2,8,0,9,2,2015,11,276,Tuesday
11-11-2015,101.20,9.66,5.34,7.2,60,4,0,12,3,2015,11,276,Wednesday
11-12-2015,71.33,6,4.33,6,24,11,0,20,0,2015,11,276,Thursday
11/13/2015,44.44,5,2.44,2,22,13,0,0,0,2015,11,276,Friday
11/14/2015,35.02,4.99,0.33,3.7,19,5,1,0,1,2015,11,276,Saturday
11/15/2015,91.97,1.33,11.99,9.3,42.35,8,2,17,0,2015,11,276,Sunday
11/16/2015,79.64,5.67,3.67,6,50.3,9,0,3,2,2015,11,276,Monday
11/17/2015,78.73,6.34,4.693,4.7,60,1,0,0,2,2015,11,276,Tuesday
11/18/2015,54.67,6.34,5.33,5.5,24.5,11,0,0,2,2015,11,276,Wednesday
11/19/2015,55.49,2,2.99,2.1,26.4,22,0,0,0,2015,11,276,Thursday
11/20/2015,53.72,5.66,1.66,3.8,25.6,2,2,10,3,2015,11,276,Friday
11/21/2015,80.71,4,2.01,5.2,45.5,4,0,17,3,2015,11,276,Saturday
11/22/2015,60.24,2,3.439,2.6,41.2,6,2,2,1,2015,11,276,Sunday
11/23/2015,83.70,3,1,4.7,69,3,0,1,2,2015,11,276,Monday
11/24/2015,58.53,5,6.33,6.4,19.8,12,3,1,5,2015,11,276,Tuesday
11/25/2015,60.19,5.66,5.33,3.2,29,11,0,3,3,2015,11,276,Wednesday
11/26/2015,44.31,4.33,4,2,25.975,8,0,0,0,2015,11,276,Thursday
11/27/2015,34.84,0.67,4.373,2,20.8,7,0,0,0,2015,11,276,Friday
11/28/2015,74.82,6.33,3.66,4,46.825,3,0,10,1,2015,11,276,Saturday
11/29/2015,63.59,6.66,3.726,6,42.2,1,0,4,0,2015,11,276,Sunday
11/30/2015,64.46,7.33,1.825,5,35.3,5,1,6,3,2015,11,276,Monday
12-01-2015,45.21,1.99,2.023,6.3,23.9,4,1,5,1,2015,12,276,Tuesday
12-02-2015,75.73,1,3.33,2.4,42,23,4,0,0,2015,12,276,Wednesday
12-03-2015,77.60,4,3,5.6,56,6,1,1,1,2015,12,276,Thursday
12-04-2015,54.39,3.33,4.759,4.7,25.6,9,3,3,1,2015,12,276,Friday
12-05-2015,59.41,8,3.033,2,35.05,2,0,7,2.33,2015,12,276,Saturday
12-06-2015,87.47,5.67,7,3.4,60.4,5,2,3,1,2015,12,276,Sunday
12-07-2015,57.80,3,2.099,2.2,26.5,6,1,11,6,2015,12,276,Monday
12-08-2015,59.67,2,6.34,2,41.325,8,0,0,0,2015,12,276,Tuesday
12-09-2015,75.07,3.34,3.472,7,41.262,16,0,3,1,2015,12,276,Wednesday
12-10-2015,90.35,11.66,10.69,16,31.9,9,0,9,2.1,2015,12,276,Thursday
12-11-2015,63.71,5.84,6.165,3,22.7,9,0,16,1,2015,12,276,Friday
12-12-2015,68.74,6.34,3.2,3,42.2,5,2,6,1,2015,12,276,Saturday
12/13/2015,81.65,9.33,4.32,7,29,5,0,27,0,2015,12,276,Sunday
12/14/2015,85.00,5,3,6.6,37.4,11,0,21,1,2015,12,276,Monday
12/15/2015,60.99,4.99,2,5,42,3,1,2,1,2015,12,276,Tuesday
12/16/2015,79.67,6.67,4,4,42,11,1,11,0,2015,12,276,Wednesday
12/17/2015,49.01,9,3.01,3,25,7,0,0,2,2015,12,276,Thursday
12/18/2015,63.73,4.33,8.901,4.3,27.2,12,4,2,1,2015,12,276,Friday
12/19/2015,0.00,0,0,0,0,0,0,0,0,2015,12,276,Saturday
12/20/2015,71.67,3,3.474,2.2,43,3,0,16,1,2015,12,276,Sunday
12/21/2015,87.34,5,6.34,2,53.6,14,0,6,0.4,2015,12,276,Monday
12/22/2015,78.66,5.66,0,5,48,6,0,13,1,2015,12,276,Tuesday
12/23/2015,41.44,3.33,4.01,2.3,28.8,3,0,0,0,2015,12,276,Wednesday
12/24/2015,65.03,7.33,3.396,5,28.3,5,0,16,0,2015,12,276,Thursday
12/25/2015,59.98,0.66,4.66,2,20.662,28,2,1,1,2015,12,276,Friday
12/26/2015,120.83,4.67,1.66,5,87.2,15,3,0,4.3,2015,12,276,Saturday
12/27/2015,103.42,5.33,6.792,5.2,63.5,4,0,14,4.6,2015,12,276,Sunday
12/28/2015,127.80,4,5.099,9.2,61.5,18,3,26,1,2015,12,276,Monday
12/29/2015,100.60,10.67,2.33,2,71.6,9,0,2,3,2015,12,276,Tuesday
12/30/2015,90.15,6.66,7.089,2,56.4,12,0,4,2,2015,12,276,Wednesday
12/31/2015,90.71,7.66,6.099,7.6,44.35,18,0,6,1,2015,12,276,Thursday
01-01-2016,0.00,0,0,0,0,0,0,0,0,2016,1,276,Friday
01-02-2016,64.56,0.34,1.02,1,51.2,0,1,5,5,2016,1,276,Saturday
01-03-2016,73.60,4,4,2.5,56.1,1,0,5,1,2016,1,276,Sunday
01-04-2016,84.92,7.33,5.99,6,46.6,6,0,12,1,2016,1,276,Monday
01-05-2016,75.52,5.33,5.99,4.6,38.6,15,0,5,1,2016,1,276,Tuesday
01-06-2016,93.56,6.66,3,6,61.9,2,0,12,2,2016,1,276,Wednesday
01-07-2016,0.00,0,0,0,0,0,0,0,0,2016,1,276,Thursday
01-08-2016,73.36,8,3.463,7.7,39.2,8,3,2,2,2016,1,276,Friday
01-09-2016,118.29,7.33,2.66,5,88.3,9,0,3,3,2016,1,276,Saturday
01-10-2016,100.63,7,4.033,12,67.6,8,1,1,0,2016,1,276,Sunday
01-11-2016,108.90,9.34,5.66,7,64.9,18,0,0,4,2016,1,276,Monday
01-12-2016,96.48,12,3.132,12,61.35,8,0,0,0,2016,1,276,Tuesday
1/13/2016,75.36,9,1.66,5,41.7,15,0,1,2,2016,1,276,Wednesday
1/14/2016,110.16,2,5.155,6,69,18,0,8,2,2016,1,276,Thursday
1/15/2016,62.34,8.98,4.66,10.6,18.1,8,0,10,2,2016,1,276,Friday
1/16/2016,92.28,3.34,5.34,6,63.6,11,0,2,1,2016,1,276,Saturday
1/17/2016,64.11,7.01,1.604,3.9,46.6,4,0,0,1,2016,1,276,Sunday
1/18/2016,89.59,3.5,2.99,4.3,62.8,3,2,9,2,2016,1,276,Monday
1/19/2016,77.46,6,5.66,6,49.8,7,0,0,3,2016,1,276,Tuesday
1/20/2016,60.78,2.32,3.363,3,15.1,29,3,3,2,2016,1,276,Wednesday
1/21/2016,98.83,5,1.43,1,68.4,8,4,6,5,2016,1,276,Thursday
1/22/2016,76.01,0.83,7.678,7,39.5,11,0,10,0,2016,1,276,Friday
1/23/2016,68.36,6.33,6.132,7.1,36.8,4,0,6,2,2016,1,276,Saturday
1/24/2016,87.52,4,6.122,11.3,48.1,3,0,12,3,2016,1,276,Sunday
1/25/2016,91.04,10.33,4.26,4,46.95,12,2,10,1.5,2016,1,276,Monday
1/26/2016,72.05,5.68,4.069,8,30.3,9,0,15,0,2016,1,276,Tuesday
1/27/2016,72.23,4.34,4.429,3.4,30.062,18,5,5,2,2016,1,276,Wednesday
1/28/2016,62.39,7.33,6.66,4.4,33,4,0,4,3,2016,1,276,Thursday
1/29/2016,119.67,5,8.67,8.6,74.4,3,1,17,2,2016,1,276,Friday
1/30/2016,78.19,9,4.429,5.3,47.462,3,2,5,2,2016,1,276,Saturday
1/31/2016,103.17,4.33,5.143,3.8,78.9,3,0,6,2,2016,1,276,Sunday
02-01-2016,50.44,6.34,5,7.1,18,7,0,6,1,2016,2,276,Monday
02-02-2016,66.51,14.33,4.878,1.3,39,6,0,0,1,2016,2,276,Tuesday
02-03-2016,81.26,8,6.693,11.5,39.062,11,5,0,0,2016,2,276,Wednesday
02-04-2016,58.34,8.34,4,4.2,28.8,5,0,4,4,2016,2,276,Thursday
02-05-2016,73.26,5.66,2,3,51.6,7,0,3,1,2016,2,276,Friday
02-06-2016,89.82,5.33,10.33,3,57.162,1,0,11,2,2016,2,276,Saturday
02-07-2016,118.42,3.66,6.056,4.5,88.2,2,0,13,1,2016,2,276,Sunday
02-08-2016,75.86,6.33,6.99,5.5,28.038,5,0,23,1,2016,2,276,Monday
02-09-2016,83.43,7,3.33,4.4,47.7,16,2,1,2,2016,2,276,Tuesday
02-10-2016,85.34,4.34,4.703,7.2,34.1,29,0,4,2,2016,2,276,Wednesday
02-11-2016,74.62,1.66,4.156,2.7,38.1,10,1,13,4,2016,2,276,Thursday
02-12-2016,106.59,5.99,6.429,8.5,60.675,4,0,20,1,2016,2,276,Friday
2/13/2016,67.74,2.67,3.67,5,42.4,2,0,10,2,2016,2,276,Saturday
2/14/2016,76.58,5.84,7.34,3.8,43.6,5,0,7,4,2016,2,276,Sunday
2/15/2016,74.16,5.33,5.33,5.3,52.2,6,0,0,0,2016,2,276,Monday
2/16/2016,58.65,7.33,2.32,3,29,3,2,9,3,2016,2,276,Tuesday
2/17/2016,52.60,3,5,4,26.6,12,1,1,0,2016,2,276,Wednesday
2/18/2016,64.49,2.34,1,4.3,43.85,3,0,9,1,2016,2,276,Thursday
2/19/2016,85.37,4,1.67,4,28.7,18,2,26,1,2016,2,276,Friday
2/20/2016,71.35,10.33,4.122,4,36.9,5,0,8,3,2016,2,276,Saturday
2/21/2016,84.04,6.34,4,0,55.7,5,2,7,4,2016,2,276,Sunday
2/22/2016,88.45,3,5.32,3,51.125,10,0,12,4,2016,2,276,Monday
2/23/2016,78.23,3,2.33,2.6,41.3,11,0,15,3,2016,2,276,Tuesday
2/24/2016,61.09,7.66,2.33,2.1,35,6,2,5,1,2016,2,276,Wednesday
2/25/2016,87.98,7.99,3.99,5,41,22,1,4,3,2016,2,276,Thursday
2/26/2016,52.90,5,5.848,4.5,28.55,6,2,0,1,2016,2,276,Friday
2/27/2016,57.40,8,7,6.6,25.8,3,0,5,2,2016,2,276,Saturday
2/28/2016,125.63,8,4.033,10.1,66.5,6,0,26,5,2016,2,276,Sunday
2/29/2016,81.86,7,7.66,4,46.2,13,0,3,1,2016,2,276,Monday
03-01-2016,62.20,10,4,2.2,31,11,2,0,2,2016,3,276,Tuesday
03-02-2016,58.33,3.33,10.396,5.3,21.3,15,2,1,0,2016,3,276,Wednesday
03-03-2016,80.63,2.83,2,5,55.8,2,0,9,4,2016,3,276,Thursday
03-04-2016,39.99,5,0.99,4.4,26.6,3,0,0,0,2016,3,276,Friday
03-05-2016,79.89,5,4.891,8,38,9,0,10,5,2016,3,276,Saturday
03-06-2016,111.95,5,8.145,4.9,79.9,2,0,5,7,2016,3,276,Sunday
03-07-2016,71.17,5.33,7.34,4,43.5,3,1,6,1,2016,3,276,Monday
03-08-2016,70.66,4,6.66,3,44,7,0,3,3,2016,3,276,Tuesday
03-09-2016,56.81,4.34,5.67,7,21.8,7,1,6,4,2016,3,276,Wednesday
03-10-2016,54.06,6.33,10.33,2,23.4,8,0,2,2,2016,3,276,Thursday
03-11-2016,62.89,3.33,4.363,6.2,22,8,0,18,1,2016,3,276,Friday
03-12-2016,80.57,3,6.373,1.4,41.8,4,0,23,1,2016,3,276,Saturday
3/13/2016,75.67,2.5,4.134,1.5,59.2,4,0,4,0.34,2016,3,276,Sunday
3/14/2016,89.55,4.33,3.32,10,35.9,12,0,23,1,2016,3,276,Monday
3/15/2016,62.65,5.33,3.32,2,24,7,0,18,3,2016,3,276,Tuesday
3/16/2016,85.77,5.33,13.34,5.7,37.4,16,0,4,4,2016,3,276,Wednesday
3/17/2016,99.26,5.66,5.396,5,60.2,10,0,8,5,2016,3,276,Thursday
3/18/2016,67.36,3.34,5.353,5.2,25.462,15,2,8,3,2016,3,276,Friday
3/19/2016,58.29,10.66,8.33,2.8,19.5,6,1,5,5,2016,3,276,Saturday
3/20/2016,83.08,7.99,9.693,2.2,42.2,1,0,15,5,2016,3,276,Sunday
3/21/2016,118.76,5,8.056,6,45.7,11,0,36,7,2016,3,276,Monday
3/22/2016,69.52,2.33,0,5,42.188,12,2,4,2,2016,3,276,Tuesday
3/23/2016,63.25,4,3,6,24.25,22,1,0,3,2016,3,276,Wednesday
3/24/2016,57.84,6.84,2,3,32,4,0,8,2,2016,3,276,Thursday
3/25/2016,75.35,7,7.35,4.2,42.8,8,0,3,3,2016,3,276,Friday
3/26/2016,52.91,2.5,0.66,7.5,33.25,4,0,0,5,2016,3,276,Saturday
3/27/2016,107.28,7.83,5.449,13.7,63.3,11,1,1,4,2016,3,276,Sunday
3/28/2016,60.48,3.34,2.34,1.7,24.6,20,0,4,4.5,2016,3,276,Monday
3/29/2016,63.41,5.68,1.33,3.2,36.2,4,0,12,1,2016,3,276,Tuesday
3/30/2016,59.44,7.16,2.68,7.4,22.2,3,0,12,5,2016,3,276,Wednesday
3/31/2016,56.16,2.33,8.68,2.9,31.25,1,0,5,5,2016,3,276,Thursday
04-01-2016,92.94,6.33,3.01,2.7,50.4,4,0,16,10.5,2016,4,276,Friday
04-02-2016,75.37,3.67,2,7,32.3,4,0,19,7.4,2016,4,276,Saturday
04-03-2016,117.87,9.67,7.396,5.3,73.5,5,0,6,11,2016,4,276,Sunday
04-04-2016,55.83,7,5.231,5,21.6,3,1,11,2,2016,4,276,Monday
04-05-2016,84.63,6,5.33,4,40.3,5,1,11,12,2016,4,276,Tuesday
04-06-2016,45.27,6.66,5.363,2,15.25,7,0,6,3,2016,4,276,Wednesday
04-07-2016,58.51,6.33,5.98,4,21,7,2,4,8.2,2016,4,276,Thursday
04-08-2016,69.03,7.67,3.66,5,42.3,2,1,3,4.4,2016,4,276,Friday
04-09-2016,83.91,9,9.01,3.1,38.8,7,0,14,3,2016,4,276,Saturday
04-10-2016,62.22,5,6.67,5.15,21.4,4,1,11,8,2016,4,276,Sunday
04-11-2016,70.32,0.33,4.99,3,26,11,2,17,6,2016,4,276,Monday
04-12-2016,83.59,4.34,4.65,6,41.6,19,1,2,5,2016,4,276,Tuesday
4/13/2016,73.73,6.33,3.066,3,34,22.33333333,0,2,3,2016,4,276,Wednesday
4/14/2016,76.71,2.66,2.32,8.5,44.225,9,0,4,6,2016,4,276,Thursday
4/15/2016,53.89,4.33,3.056,2.7,23.6,6,0,10,4.2,2016,4,276,Friday
4/16/2016,77.80,5.34,6.66,5.3,33,11,0,8,8.5,2016,4,276,Saturday
4/17/2016,84.51,4.33,8.175,3,52.8,2,0,7,7.2,2016,4,276,Sunday
4/18/2016,64.76,3.66,2,5,22.1,15,3,7,7,2016,4,276,Monday
4/19/2016,53.94,3,1.34,8.3,24.3,7,0,6,4,2016,4,276,Tuesday
4/20/2016,59.49,2.66,3.33,2.4,17.1,11,5,15,3,2016,4,276,Wednesday
4/21/2016,39.36,3,3.464,3,21.6,6,0,0,2.3,2016,4,276,Thursday
4/22/2016,48.57,6,5.67,4,21.9,4,0,6,1,2016,4,276,Friday
4/23/2016,71.05,13.66,3.69,8,33.2,8,0,0,4.5,2016,4,276,Saturday
4/24/2016,64.11,1,6.66,5.5,36.95,3,0,6,5,2016,4,276,Sunday
4/25/2016,63.78,6.67,1.66,7.25,21.7,20,1,3,2.5,2016,4,276,Monday
4/26/2016,72.52,5.33,4.99,7,27.2,19,0,7,2,2016,4,276,Tuesday
4/27/2016,97.56,5.66,7.495,7,47.4,27,0,1,2,2016,4,276,Wednesday
4/28/2016,86.67,4.66,6.34,6,28,17.66666667,0,12,12,2016,4,276,Thursday
4/29/2016,68.36,6.66,3,2.5,37,15,0,1,3.2,2016,4,276,Friday
4/30/2016,91.29,9.66,10.32,7,47.812,11,0,1,4.5,2016,4,276,Saturday
05-01-2016,0.00,0,0,0,0,0,0,0,0,2016,5,276,Sunday
05-02-2016,59.22,4,1.02,1,39.2,7,0,5,2,2016,5,276,Monday
05-03-2016,44.22,6.33,5.99,3,23.9,3,0,0,2,2016,5,276,Tuesday
05-04-2016,54.54,7.34,3,5,32.2,4,0,1,2,2016,5,276,Wednesday
05-05-2016,76.66,4.66,3,6,41,16,3,1,2,2016,5,276,Thursday
05-06-2016,52.59,4,2.99,1,33.6,7,0,1,3,2016,5,276,Friday
05-07-2016,79.53,3.99,8.34,4,47.2,5,1,0,10,2016,5,276,Saturday
05-08-2016,81.06,5,10.66,1,40.4,12,0,1,11,2016,5,276,Sunday
05-09-2016,56.23,5.67,6.363,5,29.2,3,0,2,5,2016,5,276,Monday
05-10-2016,55.75,7.33,3.67,7,28.25,4,0,2,3.5,2016,5,276,Tuesday
05-11-2016,54.99,5.33,4.66,4,23,13,0,3,2,2016,5,276,Wednesday
05-12-2016,51.87,3.01,1.759,8,28.1,8,1,2,0,2016,5,276,Thursday
5/13/2016,58.66,2.33,2.33,3,37,9,0,0,5,2016,5,276,Friday
5/14/2016,81.81,5.34,4.67,5.55,31.25,13,0,21,1,2016,5,276,Saturday
5/15/2016,73.82,5.33,8.188,1.2,44.1,6,0,5,4,2016,5,276,Sunday
5/16/2016,56.66,5,3.66,2,24,17,0,2,3,2016,5,276,Monday
5/17/2016,60.03,4,2.33,7.1,38.4,4,0,1,3.2,2016,5,276,Tuesday
5/18/2016,62.58,4,5.33,5.25,35,7,0,1,5,2016,5,276,Wednesday
5/19/2016,73.50,6.34,5.66,2,30.5,10,0,16,3,2016,5,276,Thursday
5/20/2016,51.13,3,1.132,3,14,14,2,9,5,2016,5,276,Friday
5/21/2016,80.04,2,5.34,5.2,42.5,3,0,17,5,2016,5,276,Saturday
5/22/2016,90.50,4.34,4.51,9.05,55.6,6,1,0,10,2016,5,276,Sunday
5/23/2016,97.06,5,2.363,5,54.7,19,0,7,4,2016,5,276,Monday
5/24/2016,59.17,12,3.167,4,32,3,0,3,2,2016,5,276,Tuesday
5/25/2016,59.26,8.34,1.67,6,25.05,16,1,0,1.2,2016,5,276,Wednesday
5/26/2016,70.15,4.67,5.33,5.35,24.8,20,1,0,9,2016,5,276,Thursday
5/27/2016,62.60,8.67,2.683,5.25,17,14,7,2,6,2016,5,276,Friday
5/28/2016,75.69,12.33,0.363,3,43,4,0,4,9,2016,5,276,Saturday
5/29/2016,68.00,8.67,4.33,6,31.8,2,1,5,9.2,2016,5,276,Sunday
5/30/2016,57.86,3.34,3.023,4.1,29.4,3,0,7,8,2016,5,276,Monday
5/31/2016,51.83,6,3.33,3.5,21,3,0,13,2,2016,5,276,Tuesday
06-01-2016,55.10,9,1.1,2,20,11,0,7,5,2016,6,276,Wednesday
06-02-2016,56.63,2.33,6,1.05,21.25,18,3,4,1,2016,6,276,Thursday
06-03-2016,48.33,7.33,3,4,18,8,0,1,7,2016,6,276,Friday
06-04-2016,36.97,3.33,3.34,3.3,21,2,0,0,4,2016,6,276,Saturday
06-05-2016,53.11,10.34,3.066,4.3,23.4,5,0,3,4,2016,6,276,Sunday
06-06-2016,55.33,5.33,2.802,4,26.2,5,0,6,6,2016,6,276,Monday
06-07-2016,67.96,6,3.363,4.1,28.5,13,0,10,3,2016,6,276,Tuesday
06-08-2016,81.55,8.66,1.33,5.5,45.062,10,0,5,6,2016,6,276,Wednesday
06-09-2016,47.80,8.67,4.33,2,20.6,7,0,1,4.2,2016,6,276,Thursday
06-10-2016,60.33,8.33,4,4,26,11,2,0,5,2016,6,276,Friday
06-11-2016,74.09,10.66,2.825,2,35.6,4,1,10,8,2016,6,276,Saturday
06-12-2016,84.09,8.34,7.353,3.4,47,8,0,4,6,2016,6,276,Sunday
6/13/2016,36.40,5.66,4.736,1,15,7,0,1,2,2016,6,276,Monday
6/14/2016,54.83,2.33,6,6.1,17.4,17,1,2,3,2016,6,276,Tuesday
6/15/2016,82.50,5,5.495,7,35,22,1,1,6,2016,6,276,Wednesday
6/16/2016,54.83,4,0.33,1,20.5,4,0,22,3,2016,6,276,Thursday
6/17/2016,46.66,3.34,3.67,3.65,20,8,0,4,4,2016,6,276,Friday
6/18/2016,60.33,2,4.33,6.5,37.5,1,0,5,4,2016,6,276,Saturday
6/19/2016,78.35,6.34,6.01,3,40,1,0,7,15,2016,6,276,Sunday
6/20/2016,58.07,7.34,3.34,6,22.388,5,0,8,6,2016,6,276,Monday
6/21/2016,71.59,7.33,4.66,9,23,15,0,7,5.6,2016,6,276,Tuesday
6/22/2016,62.37,2,6.067,2.3,42,6,0,2,2,2016,6,276,Wednesday
6/23/2016,33.63,3,0.33,2.3,19,5,0,1,3,2016,6,276,Thursday
6/24/2016,48.39,6,2.34,3.05,19,15,0,1,2,2016,6,276,Friday
6/25/2016,48.92,5.68,4.99,8,20.25,5,0,1,4,2016,6,276,Saturday
6/26/2016,51.25,3,3.845,2,17.4,20,0,2,3,2016,6,276,Sunday
6/27/2016,58.32,6,3.067,5.25,24,9,0,9,2,2016,6,276,Monday
6/28/2016,63.01,1.33,1.429,2.25,24,20,5,2,7,2016,6,276,Tuesday
6/29/2016,66.01,7,8.01,6.5,22,12.5,7,1,2,2016,6,276,Wednesday
6/30/2016,28.00,4,3.803,3.2,9,6,0,0,2,2016,6,276,Thursday
07-01-2016,63.51,4,2.01,5.5,24,1,0,20,7,2016,7,276,Friday
07-02-2016,55.19,4.66,5.132,6,25.4,9,0,2,3,2016,7,276,Saturday
07-03-2016,54.84,6.67,4.165,5.4,18.6,4,0,11,5,2016,7,276,Sunday
07-04-2016,52.83,8.34,5.34,1.15,14,8,3,7,6,2016,7,276,Monday
07-05-2016,44.01,6,4.01,2,19,10,0,0,3,2016,7,276,Tuesday
07-06-2016,67.06,9.33,5.726,5,30,5,0,8,4,2016,7,276,Wednesday
07-07-2016,48.35,7.34,5.01,1,21,11,1,0,2,2016,7,276,Thursday
07-08-2016,62.90,1.34,7.056,9.2,28,12,1,0,4.3,2016,7,276,Friday
07-09-2016,38.83,3.33,6,4.5,11,12,0,0,2,2016,7,276,Saturday
07-10-2016,56.18,5.66,8.32,4.2,29,6,0,0,3,2016,7,276,Sunday
07-11-2016,49.55,6.33,1.703,3,19.312,9,0,4,6.2,2016,7,276,Monday
07-12-2016,60.54,5.67,2.67,4,27.2,14,0,3,4,2016,7,276,Tuesday
7/13/2016,60.62,6.218333333,7,5,26.4,11,0,3,2,2016,7,276,Wednesday
7/14/2016,33.10,2.34,2.363,5,12.4,3,0,3,5,2016,7,276,Thursday
7/15/2016,35.33,3,8,2,15,4,0,0,3.33,2016,7,276,Friday
7/16/2016,57.37,9.33,6.737,3,23.3,6,0,1,8,2016,7,276,Saturday
7/17/2016,56.67,9.01,4.01,3,26.65,3,0,7,4,2016,7,276,Sunday
7/18/2016,50.90,6,2.497,8,25.4,2,0,3,4,2016,7,276,Monday
7/19/2016,41.67,7.34,1.33,6,19,5,0,1,2,2016,7,276,Tuesday
7/20/2016,63.29,10.33,4.66,7.1,25.2,6,0,5,5,2016,7,276,Wednesday
7/21/2016,50.08,5.66,5.32,4.1,17,15,0,1,2,2016,7,276,Thursday
7/22/2016,31.99,3.33,1.66,7,14,4,0,0,2,2016,7,276,Friday
7/23/2016,38.25,4.66,5.49,2.1,15,6,0,0,5,2016,7,276,Saturday
7/24/2016,49.32,2.33,4.99,4,32,4,0,0,2,2016,7,276,Sunday
7/25/2016,62.33,13,3.33,7,22,9,0,4,4,2016,7,276,Monday
7/26/2016,39.98,8.32,2.66,1,10,16,0,0,2,2016,7,276,Tuesday
7/27/2016,39.48,3,6.33,4.15,10,4,1,9,2,2016,7,276,Wednesday
7/28/2016,61.16,9.67,3.99,4,22.5,12,1,5,3,2016,7,276,Thursday
7/29/2016,62.50,9.99,4.51,6,11,17,1,11,2,2016,7,276,Friday
7/30/2016,65.32,6.33,3.99,4,37,7,0,1,6,2016,7,276,Saturday
7/31/2016,46.51,6,5.01,4.5,22,5,0,0,4,2016,7,276,Sunday
08-01-2016,44.23,8.33,1.396,5,14,7.5,1,1,6,2016,8,276,Monday
08-02-2016,46.33,8.33,7,5,12,12,0,1,1,2016,8,276,Tuesday
08-03-2016,62.48,8,2.98,3.5,21,11,0,13,3,2016,8,276,Wednesday
08-04-2016,80.09,8,2.693,2,34.4,12,0,17,4,2016,8,276,Thursday
08-05-2016,87.75,10.33,3.42,3.7,21,24,0,24,1.3,2016,8,276,Friday
08-06-2016,67.66,3,3.662,5,20,33,0,1,2,2016,8,276,Saturday
08-07-2016,80.56,8,4.155,8.2,40.2,12,0,5,3,2016,8,276,Sunday
08-08-2016,75.83,8.34,5.99,5.5,15,36,0,1,4,2016,8,276,Monday
08-09-2016,79.99,6.33,4.66,7,29,26,1,2,4,2016,8,276,Tuesday
08-10-2016,61.43,11.34,2.99,7,24.1,11,0,3,2,2016,8,276,Wednesday
08-11-2016,37.33,5.67,3.66,0,25,1,0,0,2,2016,8,276,Thursday
08-12-2016,60.02,8.66,5.66,6.1,27.6,6,4,0,2,2016,8,276,Friday
8/13/2016,58.74,8,6.737,5,32,2,0,0,5,2016,8,276,Saturday
8/14/2016,41.57,5,4.857,4.5,18.21666667,2,0,7,0,2016,8,276,Sunday
8/15/2016,43.33,5,2.33,2,21,11,0,0,2,2016,8,276,Monday
8/16/2016,50.61,10,4.66,3,14.45,4,0,11,3.5,2016,8,276,Tuesday
8/17/2016,41.17,8.66,2.01,4,9.5,7,0,5,5,2016,8,276,Wednesday
8/18/2016,47.95,6.99,3.363,4,25.6,7,0,0,1,2016,8,276,Thursday
8/19/2016,48.93,1,4.33,0.6,27,12,0,0,4,2016,8,276,Friday
8/20/2016,46.52,4.33,2.99,6,26.2,1,0,0,6,2016,8,276,Saturday
8/21/2016,67.03,8,3.627,7.4,39,3,4,1,1,2016,8,276,Sunday
8/22/2016,38.93,3.34,3.386,0,23.2,3,0,0,6,2016,8,276,Monday
8/23/2016,33.97,3,3.066,4,14.7,7,1,0,1.2,2016,8,276,Tuesday
8/24/2016,37.12,9.33,3.487,8,11.3,2,0,0,3,2016,8,276,Wednesday
8/25/2016,48.40,4.33,2.67,8,19.4,4,1,4,5,2016,8,276,Thursday
8/26/2016,31.72,4,2.023,2,20.7,3,0,0,0,2016,8,276,Friday
8/27/2016,42.08,8.83,1.736,1,17.51666667,2,0,11,0,2016,8,276,Saturday
8/28/2016,68.55,7.33,7.02,6.2,37,3,0,6,2,2016,8,276,Sunday
8/29/2016,32.17,9,0.67,2,14.2,4,0,1,1.3,2016,8,276,Monday
8/30/2016,21.88,4.66,1.32,2,8.9,4,0,1,0,2016,8,276,Tuesday
8/31/2016,49.03,6,5.827,5,23.2,3,0,1,5,2016,8,276,Wednesday
09-01-2016,50.06,5,3.66,5,31.4,2,0,0,3,2016,9,276,Thursday
09-02-2016,60.36,9.34,4.02,5,10,25,0,5,2,2016,9,276,Friday
09-03-2016,83.06,5.33,4.025,6.5,54.2,5,0,4,4,2016,9,276,Saturday
09-04-2016,62.63,8.33,4.396,0,30.9,10,0,4,5,2016,9,276,Sunday
09-05-2016,60.02,3.32,4.396,2,34.3,8,2,2,4,2016,9,276,Monday
09-06-2016,60.13,5,1.33,1,32.8,14,3,0,3,2016,9,276,Tuesday
09-07-2016,62.12,2.33,2.19,3,37.6,14,0,0,3,2016,9,276,Wednesday
09-08-2016,54.99,6,2.99,4,33,8,1,0,0,2016,9,276,Thursday
09-09-2016,64.35,4.99,3.99,3.25,26.124,11,2,10,3,2016,9,276,Friday
09-10-2016,79.64,8.33,11.31,10,34,9,0,4,3,2016,9,276,Saturday
09-11-2016,95.95,2.66,6.99,7.1,57.2,8,0,10,4,2016,9,276,Sunday
09-12-2016,63.00,7,6,4,24,10,0,8,4,2016,9,276,Monday
9/13/2016,63.76,7,5.759,4,32,13,0,2,0,2016,9,276,Tuesday
9/14/2016,53.69,6,3.792,2.5,24.4,7,0,8,2,2016,9,276,Wednesday
9/15/2016,84.63,3,6.628,2,38,31,0,3,1,2016,9,276,Thursday
9/16/2016,53.63,2,1.33,4,26.3,17,0,3,0,2016,9,276,Friday
9/17/2016,88.86,6.67,3.693,2.4,56,11,0,5,4.1,2016,9,276,Saturday
9/18/2016,52.76,5.99,7.32,2,24.45,4,0,8,1,2016,9,276,Sunday
9/19/2016,54.55,4,3.396,2.15,31,11,2,0,1,2016,9,276,Monday
9/20/2016,62.86,4.67,2.792,3,33.4,14,0,4,1,2016,9,276,Tuesday
9/21/2016,52.40,8.34,4.31,3.05,19.7,12,0,3,2,2016,9,276,Wednesday
9/22/2016,53.16,6.33,2.33,2.1,29.4,6,0,4,3,2016,9,276,Thursday
9/23/2016,67.72,2.33,6.99,6,28.4,13,3,7,1,2016,9,276,Friday
9/24/2016,83.18,2,3.779,6.2,61.2,8,0,1,1,2016,9,276,Saturday
9/25/2016,89.46,6,4.33,3,61.125,3,0,10,2,2016,9,276,Sunday
9/26/2016,79.59,5.99,1,4,57.6,4,2,4,1,2016,9,276,Monday
9/27/2016,94.77,7,4.67,7.4,51.7,17,3,1,3,2016,9,276,Tuesday
9/28/2016,92.43,13.68,1.802,5.45,64.5,3,0,0,4,2016,9,276,Wednesday
9/29/2016,70.13,7.33,2,4,50.6,4,0,1,1.2,2016,9,276,Thursday
9/30/2016,56.00,7,5,2.6,23.4,5,0,10,3,2016,9,276,Friday
10-01-2016,81.22,7.33,7.65,1.2,54.038,5,0,4,2,2016,10,276,Saturday
10-02-2016,138.26,17,4.056,9.7,80.5,6,0,18,3,2016,10,276,Sunday
10-03-2016,95.32,3.33,5.33,3,59.662,2,2,17,3,2016,10,276,Monday
10-04-2016,83.42,6.33,2.99,6,47.6,8,0,10,2.5,2016,10,276,Tuesday
10-05-2016,100.20,4,4,4,78.2,8,0,1,1,2016,10,276,Wednesday
10-06-2016,65.32,4.33,3.99,6,44,4,0,3,0,2016,10,276,Thursday
10-07-2016,67.26,4.34,4.297,6,47.625,4,0,0,1,2016,10,276,Friday
10-08-2016,84.37,7.34,6.33,5,52.7,2,0,6,5,2016,10,276,Saturday
10-09-2016,117.60,6.68,5.02,5.5,88.4,2,0,9,1,2016,10,276,Sunday
10-10-2016,48.67,2,5.066,5,31.6,1,0,3,1,2016,10,276,Monday
10-11-2016,138.82,7.33,2.406,11.65,52.6,54.83333333,1,8,1,2016,10,276,Tuesday
10-12-2016,96.45,8.33,2.373,2,45.75,18,1,17,2,2016,10,276,Wednesday
10/13/2016,79.69,4.66,4.33,3.2,42.2,20,0,3,2.3,2016,10,276,Thursday
10/14/2016,84.70,7,4,3,38.7,22,0,9,1,2016,10,276,Friday
10/15/2016,91.52,4,5.97,3.35,47.2,16,1,13,1,2016,10,276,Saturday
10/16/2016,126.75,8.33,5.122,10,89.3,3,0,6,5,2016,10,276,Sunday
10/17/2016,73.80,2,5,5,50.8,1,0,9,1,2016,10,276,Monday
10/18/2016,81.26,3,5.056,9,42.1,9,3,7,3.1,2016,10,276,Tuesday
10/19/2016,56.69,4.33,6.66,5,26.7,11,0,2,1,2016,10,276,Wednesday
10/20/2016,71.80,1.64,5.66,6,52.5,2,0,2,2,2016,10,276,Thursday
10/21/2016,66.29,8.66,3.825,0,40.8,5,0,6,2,2016,10,276,Friday
10/22/2016,60.37,7,2.67,4,29.7,3,0,10,4,2016,10,276,Saturday
10/23/2016,96.13,12.33,5.78,3.8,51.21666667,10,0,11,2,2016,10,276,Sunday
10/24/2016,55.18,2.66,3.023,7.5,37,1,1,2,1,2016,10,276,Monday
10/25/2016,93.70,4.33,4.572,5.4,62.4,10,0,7,0,2016,10,276,Tuesday
10/26/2016,52.13,2.33,2.397,6,28.4,10,0,2,1,2016,10,276,Wednesday
10/27/2016,59.72,6.5,2.023,3,32.2,10,2,4,0,2016,10,276,Thursday
10/28/2016,65.18,7,3.78,6,34.4,9,0,5,0,2016,10,276,Friday
10/29/2016,141.47,15.33,4.54,6.1,78.5,23,0,9,5,2016,10,276,Saturday
10/30/2016,100.83,4.66,10.32,5.75,73.1,5,0,0,2,2016,10,276,Sunday
10/31/2016,81.28,2.66,3.82,3,43.8,6,0,17,5,2016,10,276,Monday
11-01-2016,60.93,2.33,1.703,4,25.9,18,0,6,3,2016,11,276,Tuesday
11-02-2016,60.00,4,3.703,4.1,42.2,1,0,2,3,2016,11,276,Wednesday
11-03-2016,52.50,2,1,3,42.5,3,0,0,1,2016,11,276,Thursday
11-04-2016,65.80,8.33,4.373,3.6,24.3,14,1,6,4.2,2016,11,276,Friday
11-05-2016,62.89,7.666666667,3.02,5.8,35.4,9,0,0,2,2016,11,276,Saturday
11-06-2016,78.79,8,4.34,3,42.45,3,2,11,5,2016,11,276,Sunday
11-07-2016,64.03,5,2.726,6.3,35,9,0,5,1,2016,11,276,Monday
11-08-2016,69.52,7,2.35,8,20,19.16666667,2,8,3,2016,11,276,Tuesday
11-09-2016,56.40,2.34,5.66,1.4,25,18,0,4,0,2016,11,276,Wednesday
11-10-2016,74.16,7.33,6.33,7,31.1,5,2,12,3.4,2016,11,276,Thursday
11-11-2016,57.42,10.66,1.759,4,33,6,0,1,1,2016,11,276,Friday
11-12-2016,87.53,8,3.825,7,56.5,10,0,1,1.2,2016,11,276,Saturday
11/13/2016,87.12,6,11.32,3.6,60.2,0,0,5,1,2016,11,276,Sunday
11/14/2016,79.03,10,4.726,3.8,50.5,5,3,1,1,2016,11,276,Monday
11/15/2016,77.76,5.33,0.33,4,30.1,27,5,5,1,2016,11,276,Tuesday
11/16/2016,66.08,4,3.167,4,38.912,5,0,10,1,2016,11,276,Wednesday
11/17/2016,57.23,5,2.726,5.7,41.4,0,0,1,1.4,2016,11,276,Thursday
11/18/2016,54.91,1.33,4.33,6.25,31,7,1,2,2,2016,11,276,Friday
11/19/2016,55.10,5,2.7,4,35.4,3,0,3,2,2016,11,276,Saturday
11/20/2016,46.84,7,4.34,5,25.5,3,0,0,2,2016,11,276,Sunday
11/21/2016,56.93,1.34,3.34,5.25,30,1,0,13,3,2016,11,276,Monday
11/22/2016,46.81,4.01,4.703,1.1,23,3,2,7,2,2016,11,276,Tuesday
11/23/2016,61.15,3,4.33,3.7,44.124,5,0,0,1,2016,11,276,Wednesday
11/24/2016,62.00,8.67,4.333,6,28,2,0,10,3,2016,11,276,Thursday
11/25/2016,70.34,7.34,5,7,21,20,4,5,1,2016,11,276,Friday
11/26/2016,74.33,3.33,5,4,36,9,3,12,2,2016,11,276,Saturday
11/27/2016,85.92,9.33,5.693,3.9,61,5,0,1,0,2016,11,276,Sunday
11/28/2016,47.91,4.5,1.363,2.05,23,5,0,12,0,2016,11,276,Monday
11/29/2016,67.95,5.68,5.67,3,45.6,6,2,0,0,2016,11,276,Tuesday
11/30/2016,55.22,3.33,2.99,4.3,24.6,13,0,7,0,2016,11,276,Wednesday
12-01-2016,81.03,4.5,2.363,1.5,55.662,8,0,9,0,2016,12,276,Thursday
12-02-2016,93.48,6,1.076,3.2,43,14,0,26,0.2,2016,12,276,Friday
12-03-2016,59.15,3.17,2.68,3,43.3,2,0,1,4,2016,12,276,Saturday
12-04-2016,90.02,7,9.123,2.9,67,4,0,0,0,2016,12,276,Sunday
12-05-2016,60.18,9.5,1.68,4,23,6,1,13,2,2016,12,276,Monday
12-06-2016,67.69,6,5.09,4.4,27.2,4,0,20,1,2016,12,276,Tuesday
12-07-2016,76.77,4.34,2.726,1.7,47,8,3,7,3,2016,12,276,Wednesday
12-08-2016,59.04,5.67,1.67,5,35.7,9,0,2,0,2016,12,276,Thursday
12-09-2016,50.39,5.66,1.67,4,35.062,2,0,0,2,2016,12,276,Friday
12-10-2016,87.17,7.34,6.33,10.1,45.4,1,0,15,2,2016,12,276,Saturday
12-11-2016,100.68,3.34,4.726,8.55,62.062,7,0,14,1,2016,12,276,Sunday
12-12-2016,110.02,3.66,2.429,3.1,44.5,28.33333333,3,21,4,2016,12,276,Monday
12/13/2016,71.70,1,4,5.1,43.6,0,0,18,0,2016,12,276,Tuesday
12/14/2016,79.66,5.83,3.78,5.65,32.2,21,0,10,1.2,2016,12,276,Wednesday
12/15/2016,50.79,9.66,3.33,1,22.8,8,0,5,1,2016,12,276,Thursday
12/16/2016,90.63,7.33,6.32,2.2,39.775,8,3,23,1,2016,12,276,Friday
12/17/2016,89.75,5.99,2.66,4.15,59.95,10,0,6,1,2016,12,276,Saturday
12/18/2016,90.59,1.67,5.02,4.2,60.7,13,0,5,1,2016,12,276,Sunday
12/19/2016,0.00,0,0,0,0,0,0,0,0,2016,12,276,Monday
12/20/2016,74.99,6.33,3.66,4,46,12,2,1,0,2016,12,276,Tuesday
12/21/2016,54.90,1.34,2.812,0.25,37,5,0,6,2.5,2016,12,276,Wednesday
12/22/2016,56.71,4.34,4.165,3.8,38.4,1,0,5,0,2016,12,276,Thursday
12/23/2016,59.15,5.33,4.67,1.15,32,6,0,8,2,2016,12,276,Friday
12/24/2016,107.23,6.33,6.7,4.2,82,4,1,2,1,2016,12,276,Saturday
12/25/2016,105.46,2.33,7.627,5.7,79.8,0,0,9,1,2016,12,276,Sunday
12/26/2016,85.91,10.33,4.66,2,58.924,6,0,2,2,2016,12,276,Monday
12/27/2016,88.62,6,5,0.416666667,54.2,8,2,13,0,2016,12,276,Tuesday
12/28/2016,94.32,4.34,6.33,6.45,57.2,7,0,13,0,2016,12,276,Wednesday
12/29/2016,119.56,11,6.01,6.35,81.2,4,3,6,2,2016,12,276,Thursday
12/30/2016,198.95,5.66,8.99,7.3,161,13,0,3,0,2016,12,276,Friday
12/31/2016,151.24,8.33,7.759,7.45,108.7,7,0,12,0,2016,12,276,Saturday
01-01-2017,52.24,3.54375,3.95625,1.5625,25.675,8.75,1.875,6.25,0.625,2017,1,276,Sunday
01-02-2017,40.35,0.2125,0.6375,0.625,32,0,0.625,3.125,3.125,2017,1,276,Monday
01-03-2017,101.18,6.25,5.83125,4.625,66.8125,8.75,0,7.03125,1.875,2017,1,276,Tuesday
01-04-2017,95.13,6.804166667,5.970833333,6.416666667,56.76666667,10,1.25,5,2.916666667,2017,1,276,Wednesday
01-05-2017,111.13,7.504166667,7.879166667,5.208333333,62.20833333,14.58333333,0,11.25,2.5,2017,1,276,Thursday
01-06-2017,107.57,4.583333333,3.05,5.625,65.5625,10.83333333,0,15.41666667,2.5,2017,1,276,Friday
01-07-2017,59.90,2.916666667,5.154166667,5.958333333,34.625,8.75,0,2.5,0,2017,1,276,Saturday
01-08-2017,54.82,5.416666667,1.859583333,5.083333333,25.375,10,2.083333333,3.333333333,1.666666667,2017,1,276,Sunday
01-09-2017,79.99,3.8875,4.057083333,2.583333333,56.125,9.166666667,0.416666667,1.666666667,2.083333333,2017,1,276,Monday
01-10-2017,113.67,6.3875,4.73875,13.29166667,54.25,25,1.666666667,7.5,0.833333333,2017,1,276,Tuesday
01-11-2017,100.85,9.308333333,5.501666667,9.166666667,51.04166667,20,1.25,1.666666667,2.916666667,2017,1,276,Wednesday
01-12-2017,109.88,8.333333333,5.196666667,8.75,65.9375,14.16666667,1.25,4.583333333,1.666666667,2017,1,276,Thursday
1/13/2017,98.90,6.804166667,3.891666667,9.541666667,54.41666667,19.58333333,0,3.333333333,1.333333333,2017,1,276,Friday
1/14/2017,90.96,5.975,4.364583333,7.708333333,47.91666667,16.66666667,0.833333333,5.416666667,2.083333333,2017,1,276,Saturday
1/15/2017,86.62,8.05,6.525,9.083333333,38.79166667,15.41666667,0,7.5,1.25,2017,1,276,Sunday
1/16/2017,104.39,6.670833333,4.029166667,8.041666667,63.5625,12.5,0.416666667,7.083333333,2.083333333,2017,1,276,Monday
1/17/2017,86.36,7.225,4.139166667,5.291666667,48.45833333,13.33333333,1.666666667,3.75,2.5,2017,1,276,Tuesday
1/18/2017,88.23,6.741666667,4.445833333,6.5,45.95833333,16.66666667,1.25,5.833333333,0.833333333,2017,1,276,Wednesday
1/19/2017,77.95,5,5.7,7.833333333,37.75,15.83333333,0,2.5,3.333333333,2017,1,276,Thursday
1/20/2017,91.35,3.608333333,4.73875,4.125,37.625,23.33333333,2.916666667,12.5,2.5,2017,1,276,Friday
1/21/2017,87.47,5.695833333,2.4,4.583333333,50.20833333,15,2.083333333,4.583333333,2.916666667,2017,1,276,Saturday
1/22/2017,82.92,4.5125,5.0075,5.125,37.02083333,19.16666667,1.25,9.166666667,1.666666667,2017,1,276,Sunday
1/23/2017,78.52,5.1375,4.505,6.291666667,41.75,15.83333333,0.833333333,2.5,1.666666667,2017,1,276,Monday
1/24/2017,87.09,6.1125,5.770833333,10.95833333,40.08333333,11.25,0,10,2.916666667,2017,1,276,Tuesday
1/25/2017,108.62,7.779166667,5.108333333,7.666666667,51.1875,18.75,2.083333333,13.75,2.291666667,2017,1,276,Wednesday
1/26/2017,77.79,5.979166667,5.224583333,7.041666667,36.625,13.75,0.833333333,8.333333333,0,2017,1,276,Thursday
1/27/2017,97.33,7.85,7.54125,5.166666667,42.60916667,21.25,2.083333333,9.583333333,1.25,2017,1,276,Friday
1/28/2017,58.50,5.970833333,6.1125,2.25,32.08333333,9.166666667,0,1.666666667,1.25,2017,1,276,Saturday
1/29/2017,103.67,5.141666667,7.783333333,5.333333333,54.16666667,15.83333333,2.5,9.583333333,3.333333333,2017,1,276,Sunday
1/30/2017,88.69,8.058333333,5.61625,7,35.5175,17.08333333,4.166666667,7.083333333,4.166666667,2017,1,276,Monday
1/31/2017,77.53,4.441666667,4.254583333,2.833333333,47.25,13.33333333,0.833333333,2.916666667,1.666666667,2017,1,276,Tuesday
02-01-2017,71.90,7.375,5.188333333,6.041666667,31.625,10.83333333,0.416666667,8.333333333,2.083333333,2017,2,276,Wednesday
02-02-2017,73.95,8.195833333,6.211666667,6.416666667,42.29166667,9.166666667,0.416666667,0.416666667,0.833333333,2017,2,276,Thursday
02-03-2017,92.04,7.6375,6.255416667,9,42.90083333,15.83333333,2.5,7.083333333,0.833333333,2017,2,276,Friday
02-04-2017,68.24,7.779166667,4.166666667,4.416666667,27.70833333,12.08333333,0.833333333,7.5,3.75,2017,2,276,Saturday
02-05-2017,78.10,10.67,10.725,5,38.6,1,0,11,1.1,2017,2,276,Sunday
02-06-2017,42.40,10,5,4.4,13,3,2,5,0,2017,2,276,Monday
02-07-2017,32.63,3,0.33,3.5,13.8,3,0,7,2,2017,2,276,Tuesday
02-08-2017,71.67,11,1.67,4,36,7,0,10,2,2017,2,276,Wednesday
02-09-2017,37.14,3.9825,1.76,4,20.4,6,0,0,1,2017,2,276,Thursday
02-10-2017,42.30,4.01,3.34,4.75,23.2,5,0,2,0,2017,2,276,Friday
02-11-2017,45.15,5.33,6.32,5.1,12.4,11,1,1,3,2017,2,276,Saturday
02-12-2017,62.87,10,10.67,7.8,27.4,4,0,2,1,2017,2,276,Sunday
2/13/2017,0.00,0,0,0,0,0,0,0,0,2017,2,276,Monday
2/14/2017,35.43,4.33,5,2.1,22,0,0,1,1,2017,2,276,Tuesday
2/15/2017,32.87,6,2.67,2,19.2,1,0,1,1,2017,2,276,Wednesday
2/16/2017,45.92,3.66,4.66,1,31.6,2,0,0,3,2017,2,276,Thursday
2/17/2017,33.35,3,2.802,2.1,12.25,4,0,8,1.2,2017,2,276,Friday
2/18/2017,56.45,7,4,2.35,30,10,0,0,3.1,2017,2,276,Saturday
2/19/2017,32.06,3.34,3.516,2.2,13,1,0,8,1,2017,2,276,Sunday
2/20/2017,52.36,5,3.76,4.5,33.1,2,0,1,3,2017,2,276,Monday
2/21/2017,59.06,5,4.155,4,22.9,14,0,8,1,2017,2,276,Tuesday
2/22/2017,48.40,3.67,2.429,7.2,21.1,9,0,5,0,2017,2,276,Wednesday
2/23/2017,56.49,6.67,5.67,4.05,24.1,5,1,8,2,2017,2,276,Thursday
2/24/2017,58.47,1,4.67,4,29.8,10,1,7,1,2017,2,276,Friday
2/25/2017,50.47,6,6.34,5.25,24,6.875,0,2,0,2017,2,276,Saturday
2/26/2017,38.76,5.33,5.33,3.2,15.7,3,0,5,1.2,2017,2,276,Sunday
2/27/2017,55.75,5.67,3.68,7,16.4,14,0,7,2,2017,2,276,Monday
2/28/2017,73.26,5.34,5.02,7.5,26.4,9,2,18,0,2017,2,276,Tuesday
03-01-2017,52.76,4,4.66,5,15.1,17,0,5,2,2017,3,276,Wednesday
03-02-2017,33.13,5,7.13,3,13,1,1,1,2,2017,3,276,Thursday
03-03-2017,48.89,9,2.99,4,12.9,9,1,6,4,2017,3,276,Friday
03-04-2017,38.28,5.01,3.67,3.1,17,0,0,5,4.5,2017,3,276,Saturday
03-05-2017,69.56,12.33,4.33,5,33.9,3,0,6,5,2017,3,276,Sunday
03-06-2017,33.86,6.83,2.33,1.1,19.6,1,0,0,3,2017,3,276,Monday
03-07-2017,35.17,2.34,5.33,6.5,15,4,0,0,2,2017,3,276,Tuesday
03-08-2017,25.54,1,2.34,0,15.2,4,0,0,3,2017,3,276,Wednesday
03-09-2017,56.06,11.33,2.33,6,26.9,6,1,0,2.5,2017,3,276,Thursday
03-10-2017,47.23,2,4.33,4.6,26.3,8,1,0,1,2017,3,276,Friday
03-11-2017,48.00,6.33,4.066,6,20.1,2,1,5,3.5,2017,3,276,Saturday
03-12-2017,91.69,7.68,7.01,2,48,6,4,15,2,2017,3,276,Sunday
3/13/2017,35.51,2.33,0.68,2.7,17.8,2,0,10,0,2017,3,276,Monday
3/14/2017,33.01,2.67,1.34,3,15,5,0,5,1,2017,3,276,Tuesday
3/15/2017,26.46,3.66,1.703,2.5,14.6,4,0,0,0,2017,3,276,Wednesday
3/16/2017,51.01,6,4.056,4.75,28.2,4,0,1,3,2017,3,276,Thursday
3/17/2017,38.13,4.33,2.802,0,11,14,0,3,3,2017,3,276,Friday
3/18/2017,39.03,5,4.38,4.25,20.4,3,0,1,1,2017,3,276,Saturday
3/19/2017,65.79,10,3.693,2,39.1,3,0,5,3,2017,3,276,Sunday
3/20/2017,42.14,1.66,6.683,4.7,16.1,3,0,7,3,2017,3,276,Monday
3/21/2017,36.29,9.16,2.03,2.2,12.6,4,0,1,5.3,2017,3,276,Tuesday
3/22/2017,36.08,1.66,5.023,2,16.4,7,0,2,2,2017,3,276,Wednesday
3/23/2017,41.27,7.34,2.133,1,13.3,8,0,6,3.5,2017,3,276,Thursday
3/24/2017,39.77,1.67,3,4.5,12.3,7,0,5,6.3,2017,3,276,Friday
3/25/2017,56.79,10,5.49,1,33.3,3,0,0,4,2017,3,276,Saturday
3/26/2017,54.15,5.34,5.36,3.45,18,4,0,10,8,2017,3,276,Sunday
3/27/2017,36.60,4.84,3.463,3.5,14.8,5,0,1,4,2017,3,276,Monday
3/28/2017,54.34,2.67,2.67,7,22,14,0,0,6,2017,3,276,Tuesday
3/29/2017,39.08,6.34,1.34,4,12.9,3,0,7,4.5,2017,3,276,Wednesday
3/30/2017,29.52,1.33,2.693,5,9.5,9,0,0,2,2017,3,276,Thursday
3/31/2017,41.70,4,2,3.5,22.2,2,0,2,6,2017,3,276,Friday
04-01-2017,46.33,2.33,2,2,34,2,0,1,3,2017,4,276,Saturday
04-02-2017,63.29,6.67,4.223,4,23,4,0,9,12.4,2017,4,276,Sunday
04-03-2017,69.53,6.33,1,5.6,25.6,8,0,20,3,2017,4,276,Monday
04-04-2017,24.06,0.33,1.033,2.2,8,2,0,5,5.5,2017,4,276,Tuesday
04-05-2017,37.03,5,0.231,0.2,13.6,9,2,6,1,2017,4,276,Wednesday
04-06-2017,25.66,5,0.66,3.1,10.9,4,1,0,1,2017,4,276,Thursday
04-07-2017,40.50,3.5,4,2,16,5,0,5,5,2017,4,276,Friday
04-08-2017,61.32,7.51,8.759,2.05,23,3,0,11,6,2017,4,276,Saturday
04-09-2017,44.58,4.99,5.34,8.25,22,3,0,0,1,2017,4,276,Sunday
04-10-2017,47.57,8.66,1.363,1.05,27.5,1,0,4,4,2017,4,276,Monday
04-11-2017,43.33,4,2.33,3,17,5,0,11,1,2017,4,276,Tuesday
04-12-2017,55.66,11.99,3.32,3.35,11,10,2,10,4,2017,4,276,Wednesday
4/13/2017,48.34,5,2.439,2,30.9,1,0,2,5,2017,4,276,Thursday
4/14/2017,53.32,7.34,4.98,5,13,3,0,16,4,2017,4,276,Friday
4/15/2017,65.59,11.67,1.472,4,27.25,1,0,15,5.2,2017,4,276,Saturday
4/16/2017,0.00,0,0,0,0,0,0,0,0,2017,4,276,Sunday
4/17/2017,35.29,4,3.99,1.9,18.4,1,0,5,1,2017,4,276,Monday
4/18/2017,46.70,7.33,4.67,6.3,15.4,8,1,2,2,2017,4,276,Tuesday
4/19/2017,26.41,1,3.406,5,14,2,0,0,1,2017,4,276,Wednesday
4/20/2017,40.39,4.66,2.33,5,9.4,10,0,7,2,2017,4,276,Thursday
4/21/2017,45.29,3.67,2.34,2.4,29,3,0,1.875,3,2017,4,276,Friday
4/22/2017,40.10,2.64,4.66,2.8,19,7,1,1,2,2017,4,276,Saturday
4/23/2017,56.52,9,5.416,3.6,25.5,7,0,1,5,2017,4,276,Sunday
4/24/2017,49.29,9.33,3.81,8,13.15,9,0,1,5,2017,4,276,Monday
4/25/2017,72.19,8,2.99,2.2,24,4,0,26,5,2017,4,276,Tuesday
4/26/2017,33.00,3,4,3.5,10.2,3,0,1,8.3,2017,4,276,Wednesday
4/27/2017,41.37,3.33,3.737,2.3,11,10,1,0,10,2017,4,276,Thursday
4/28/2017,43.50,3.33,3.67,5.1,15.4,2,0,7,7,2017,4,276,Friday
4/29/2017,44.30,5,9,2.3,15,3,1,1,8,2017,4,276,Saturday
4/30/2017,41.35,1,4.046,2.3,18,2,0,12,2,2017,4,276,Sunday
05-01-2017,4.54,0.34,1,1,1.2,0,0,0,1,2017,5,276,Monday
05-02-2017,48.03,2,6.033,1,23,5,0,6,5,2017,5,276,Tuesday
05-03-2017,56.87,1.33,3.34,6,18.2,6,0,20,2,2017,5,276,Wednesday
05-04-2017,34.03,5.67,5.66,1,11.6,4,0,2,4.1,2017,5,276,Thursday
05-05-2017,38.42,2.34,5.33,1.15,6.6,8,0,12,3,2017,5,276,Friday
05-06-2017,38.09,7.33,2.363,4.4,14,4,0,0,6,2017,5,276,Saturday
05-07-2017,43.75,6.33,3.67,4.5,18.25,3,0,4,4,2017,5,276,Sunday
05-08-2017,32.59,2.33,3.66,1,8,8,3,1,5.6,2017,5,276,Monday
05-09-2017,35.43,7.33,4,4.1,11,4,0,2,3,2017,5,276,Tuesday
05-10-2017,58.06,8.66,0.397,9,15,4,0,14,7,2017,5,276,Wednesday
05-11-2017,50.69,6,6.693,3,16,6,2,1,10,2017,5,276,Thursday
05-12-2017,51.09,4.99,4.703,6,16.4,4,9,0,6,2017,5,276,Friday
5/13/2017,37.36,5,2.363,6,12,4,0,1,7,2017,5,276,Saturday
5/14/2017,54.20,4.67,2.076,2.85,31.5,6,0,5,2.1,2017,5,276,Sunday
5/15/2017,42.04,5.34,4.703,2,17,0,3,3,7,2017,5,276,Monday
5/16/2017,40.69,2.33,5.66,1.5,16.2,2,0,6,7,2017,5,276,Tuesday
5/17/2017,27.18,6.34,4.84,0,9,5,0,0,2,2017,5,276,Wednesday
5/18/2017,47.54,3.33,5.01,4,28.2,4,0,0,3,2017,5,276,Thursday
5/19/2017,62.58,4.34,3.44,2.2,31.6,11,0,0,10,2017,5,276,Friday
5/20/2017,42.35,3.99,4.713,0.25,16.4,5,0,6,6,2017,5,276,Saturday
5/21/2017,63.49,6,3.043,1.25,32.2,5,0,12,4,2017,5,276,Sunday
5/22/2017,56.47,5.33,1.34,4.4,22.4,5,0,7,11,2017,5,276,Monday
5/23/2017,39.41,3,2.406,5,11,9,0,2,7,2017,5,276,Tuesday
5/24/2017,44.93,6.68,3.34,3,14.2,9,0,4,4.71,2017,5,276,Wednesday
5/25/2017,40.52,5.66,5.36,2,18.2,3,0,2,4.3,2017,5,276,Thursday
5/26/2017,54.01,2.34,3.67,5,29,4,0,8,2,2017,5,276,Friday
5/27/2017,50.95,7.33,3.221,2,23.4,5,0,0,10,2017,5,276,Saturday
5/28/2017,26.87,1.99,6.243,2.45,11.19,2,0,0,3,2017,5,276,Sunday
5/29/2017,51.96,3.34,4.023,1.6,28,4,2,4,5,2017,5,276,Monday
5/30/2017,53.70,8,3.396,4.3,25,3,0,5,5,2017,5,276,Tuesday
5/31/2017,41.63,4,2.429,7,12.2,6,4,1,5,2017,5,276,Wednesday
06-01-2017,42.41,1.34,3.67,2,21.4,10,0,2,2,2017,6,276,Thursday
06-02-2017,45.73,2.33,4,4,17.4,9,1,5,3,2017,6,276,Friday
06-03-2017,47.73,5,1.726,3,10,3,1,22,2,2017,6,276,Saturday
06-04-2017,47.40,7,1.747,2.25,23.4,3,1,5,4,2017,6,276,Sunday
06-05-2017,36.52,3.33,5.99,4.5,9.7,5,0,0,8,2017,6,276,Monday
06-06-2017,38.50,1,3,0,18,3,0,6,7.5,2017,6,276,Tuesday
06-07-2017,75.02,5.33,4.693,4,21,13,0,20,7,2017,6,276,Wednesday
06-08-2017,41.17,5,1.823,3.15,21,4,0,2,4.2,2017,6,276,Thursday
06-09-2017,26.52,1.33,4.09,3.1,10,2,0,0,6,2017,6,276,Friday
06-10-2017,47.01,9,7.01,4,15,2,0,7,3,2017,6,276,Saturday
06-11-2017,59.24,5.5,3.99,8.5,28.25,8,0,2,3,2017,6,276,Sunday
06-12-2017,50.28,4.34,3.34,1,13.6,3,0,13,12,2017,6,276,Monday
6/13/2017,35.11,2.99,3.023,3,8,9,0,0,9.1,2017,6,276,Tuesday
6/14/2017,29.66,1.33,1.33,1,9,6,3,5,3,2017,6,276,Wednesday
6/15/2017,46.98,3,4.33,3.15,15,10,0,5,6.5,2017,6,276,Thursday
6/16/2017,29.70,4,2.01,0,12.25,6,0,0,5.44,2017,6,276,Friday
6/17/2017,41.73,2,8.726,5,12,4,0,5,5,2017,6,276,Saturday
6/18/2017,56.37,4,7.34,1.1,26.6,2,0,12,3.33,2017,6,276,Sunday
6/19/2017,35.31,1.33,1.98,1,18,1,1,8,3,2017,6,276,Monday
6/20/2017,46.06,9.33,1,5.1,12,5,0,5,8.63,2017,6,276,Tuesday
6/21/2017,39.73,4,1.33,2,21,4,0,2,5.4,2017,6,276,Wednesday
6/22/2017,34.34,1,3.34,0,7,4,0,8,11,2017,6,276,Thursday
6/23/2017,26.54,1,1.34,2,16,5,0,0,1.2,2017,6,276,Friday
6/24/2017,56.65,5,3.65,6,32,8,1,0,1,2017,6,276,Saturday
6/25/2017,45.44,6.5,2.34,6,22,4,0,0,4.6,2017,6,276,Sunday
6/26/2017,40.96,7.68,3.033,6.25,10,11,0,0,3,2017,6,276,Monday
6/27/2017,44.82,4,3.32,6,13.5,9,0,3,6,2017,6,276,Tuesday
6/28/2017,45.53,4,4.033,4.5,18,7,0,5,3,2017,6,276,Wednesday
6/29/2017,57.67,4,3.67,6,17,1,0,21,5,2017,6,276,Thursday
6/30/2017,36.80,6.67,2.132,2,18,2,0,0,6,2017,6,276,Friday
07-01-2017,35.66,3.33,2.33,1,10,5,0,10,4,2017,7,276,Saturday
07-02-2017,29.68,5,3.68,2,9,6,0,0,4,2017,7,276,Sunday
07-03-2017,35.17,3.67,0,1.5,8,11,0,11,0,2017,7,276,Monday
07-04-2017,49.01,10.67,2.34,5,18,7,0,0,6,2017,7,276,Tuesday
07-05-2017,72.16,4.5,1.66,2,16,20,0,22,6,2017,7,276,Wednesday
07-06-2017,41.93,4.33,7,4,20.6,3,1,1,1,2017,7,276,Thursday
07-07-2017,35.10,5,2,4.1,17,6,0,1,0,2017,7,276,Friday
07-08-2017,46.08,4.99,4.089,5,16,12,0,1,3,2017,7,276,Saturday
07-09-2017,33.99,2.33,7.16,0.5,15,4,0,1,4,2017,7,276,Sunday
07-10-2017,39.35,2,4.353,4,12,5,2,7,3,2017,7,276,Monday
07-11-2017,33.02,3.34,0.68,0,18,2,0,7,2,2017,7,276,Tuesday
07-12-2017,37.74,2,5.34,0,15.4,12,0,3,0,2017,7,276,Wednesday
7/13/2017,31.42,3.33,3.34,2.15,9.6,5,3,3,2,2017,7,276,Thursday
7/14/2017,40.09,2.33,3.759,2,16,8,0,5,3,2017,7,276,Friday
7/15/2017,41.67,3.33,9.34,3,21,3,0,0,2,2017,7,276,Saturday
7/16/2017,49.68,11.34,9.34,3,19,6,0,0,1,2017,7,276,Sunday
7/17/2017,48.15,9,4.747,3,16.4,6,2,4,3,2017,7,276,Monday
7/18/2017,62.84,9.67,5.67,1.5,14,8,0,20,4,2017,7,276,Tuesday
7/19/2017,50.59,6.33,3.66,4,20.6,6,3,1,6,2017,7,276,Wednesday
7/20/2017,47.00,5,4,3,18,11,2,2,2,2017,7,276,Thursday
7/21/2017,28.33,2.33,1,3,14,5,0,0,3,2017,7,276,Friday
7/22/2017,41.69,3,5.69,5,22,3,1,0,2,2017,7,276,Saturday
7/23/2017,35.93,6.5,2.429,2,12,4,0,4,5,2017,7,276,Sunday
7/24/2017,30.94,3.84,1,2.1,15,6,0,0,3,2017,7,276,Monday
7/25/2017,35.79,6.34,2.35,2,14,5,0,6,0.1,2017,7,276,Tuesday
7/26/2017,42.11,3.33,6.779,3,15,11,1,1,1,2017,7,276,Wednesday
7/27/2017,27.07,5,0.67,0,12.4,8,0,0,1,2017,7,276,Thursday
7/28/2017,40.30,4,5,1.1,17.2,10,0,0,3,2017,7,276,Friday
7/29/2017,27.48,3,3.33,2,14.15,1,0,0,4,2017,7,276,Saturday
7/30/2017,33.79,4.125,2.66,2,13,11,0,0,1,2017,7,276,Sunday
7/31/2017,47.40,7.34,0.81,2.25,21,9,0,5,2,2017,7,276,Monday
08-01-2017,33.26,7.33,3.33,2,15.6,3,0,1,1,2017,8,276,Tuesday
08-02-2017,41.66,6,2.66,1,25,2,0,1,4,2017,8,276,Wednesday
08-03-2017,32.99,6.33,0.66,4,10,8,0,1,3,2017,8,276,Thursday
08-04-2017,48.00,8,4,1,15,11,2,5,2,2017,8,276,Friday
08-05-2017,26.44,4.66,2.472,2,13.312,2,0,0,2,2017,8,276,Saturday
08-06-2017,28.43,2,3.429,1,13,6,0,0,3,2017,8,276,Sunday
08-07-2017,36.44,1,5.34,3.1,16,9,2,0,0,2017,8,276,Monday
08-08-2017,33.19,6,1.703,2.1,11.188,8,0,0,4.2,2017,8,276,Tuesday
08-09-2017,42.78,2.33,5.1,3.15,13,15,0,2,2.2,2017,8,276,Wednesday
08-10-2017,40.09,0,3.99,4,9,19,0,3,1.1,2017,8,276,Thursday
08-11-2017,28.08,4.33,1.65,5.1,8,6,3,0,0,2017,8,276,Friday
08-12-2017,44.73,2.69,4.939,2.5,22.6,4,0,6,2,2017,8,276,Saturday
8/13/2017,40.36,3.66,3.65,2.05,24,5,0,1,1,2017,8,276,Sunday
8/14/2017,36.41,11.34,2.067,4,13,4,0,0,2,2017,8,276,Monday
8/15/2017,62.18,2.33,6.703,2.15,35,11,0,2,3,2017,8,276,Tuesday
8/16/2017,39.45,5.33,3.67,1,10.45,13,0,4,2,2017,8,276,Wednesday
8/17/2017,33.99,5.16,1.33,5,12,8,0,1,1.5,2017,8,276,Thursday
8/18/2017,31.32,2.33,3.99,3,15,4,0,0,3,2017,8,276,Friday
8/19/2017,51.71,5,4.713,3,16,10,0,11,2,2017,8,276,Saturday
8/20/2017,35.79,4.33,2.056,6,14.4,6,0,2,1,2017,8,276,Sunday
8/21/2017,38.07,9.33,3.34,2.4,19,4,0,0,0,2017,8,276,Monday
8/22/2017,37.69,6,1.34,3.15,22.2,3,0,0,2,2017,8,276,Tuesday
8/23/2017,69.66,3.33,2.33,2,42,8,0,9,3,2017,8,276,Wednesday
8/24/2017,63.05,8,9.053,2,27,13,0,1,3,2017,8,276,Thursday
8/25/2017,48.26,6,3.01,1,20.25,17,0,0,1,2017,8,276,Friday
8/26/2017,46.51,4.99,3.516,1,19,10,0,6,2,2017,8,276,Saturday
8/27/2017,45.64,3,5.34,1,21.3,5,2,7,1,2017,8,276,Sunday
8/28/2017,52.00,8,7,5,16,12,0,1,3,2017,8,276,Monday
8/29/2017,48.67,7,3.066,3.5,17,5,0,11,2.1,2017,8,276,Tuesday
8/30/2017,40.81,7.67,3.99,3.15,17,4,3,0,2,2017,8,276,Wednesday
8/31/2017,44.76,16.68,3.033,3.05,17,4,0,0,1,2017,8,276,Thursday
09-01-2017,41.94,3.34,3,5,20.6,8,0,2,0,2017,9,276,Friday
09-02-2017,44.87,6.34,2.13,6,18.4,8,0,1,3,2017,9,276,Saturday
09-03-2017,43.69,6.83,5.462,2,18.4,7,0,1,3,2017,9,276,Sunday
09-04-2017,49.83,6.5,3.33,6,24,7,0,0,3,2017,9,276,Monday
09-05-2017,44.59,6.17,4.02,4,19.1,7,1,2,1.3,2017,9,276,Tuesday
09-06-2017,56.33,4.33,3,5,32,6,0,3,3,2017,9,276,Wednesday
09-07-2017,29.20,3,1,3.2,18,2,0,0,2,2017,9,276,Thursday
09-08-2017,68.25,8.83,7.32,3.1,34,8,0,3,4,2017,9,276,Friday
09-09-2017,47.84,6,8.34,2.5,20,7,0,0,4,2017,9,276,Saturday
09-10-2017,56.49,3.34,5.35,1,35.6,7,0,0,4.2,2017,9,276,Sunday
09-11-2017,37.37,2,3.373,2,12,16,0,0,2,2017,9,276,Monday
09-12-2017,39.00,1,4.35,5.2,18.25,6,1,1,2.2,2017,9,276,Tuesday
9/13/2017,52.66,4,0.66,2,25,16,0,5,0,2017,9,276,Wednesday
9/14/2017,57.74,5,5.34,5,22.4,6,0,9,5,2017,9,276,Thursday
9/15/2017,49.00,3,3,3,16,12,1,8,3,2017,9,276,Friday
9/16/2017,52.95,7,3,3.45,27.3,11,0,0,1.2,2017,9,276,Saturday
9/17/2017,64.34,5,4.34,4,32,6,1,7,5,2017,9,276,Sunday
9/18/2017,51.34,9,4.34,1,27,7,0,1,2,2017,9,276,Monday
9/19/2017,76.61,3.33,6.033,1,43.25,6,2,6,9,2017,9,276,Tuesday
9/20/2017,51.91,2,2.363,0.1,35.45,6,0,6,0,2017,9,276,Wednesday
9/21/2017,42.74,7.34,3.696,1,19.7,8,2,0,1,2017,9,276,Thursday
9/22/2017,42.40,4.66,2.241,3,27.5,2,0,0,3,2017,9,276,Friday
9/23/2017,50.43,9.99,6.99,3,14.45,12,2,0,2,2017,9,276,Saturday
9/24/2017,77.89,3.66,4.826,2,52.4,7,1,6,1,2017,9,276,Sunday
9/25/2017,80.72,1,2.517,1,39.2,7,3,26,1,2017,9,276,Monday
9/26/2017,59.37,2,5.67,2.1,38.6,4,0,6,1,2017,9,276,Tuesday
9/27/2017,60.33,4,2.33,3,38,7,3,3,0,2017,9,276,Wednesday
9/28/2017,59.37,3.34,2.68,2.5,37.85,3,0,10,0,2017,9,276,Thursday
9/29/2017,64.40,1,5,3,35.4,8,6,5,1,2017,9,276,Friday
9/30/2017,107.24,5.33,3.01,3,61.9,6,0,28,0,2017,9,276,Saturday
10-01-2017,113.99,4,5.891,3,72.1,7,1,20,1,2017,10,276,Sunday
10-02-2017,35.48,8.33,2,3.15,18,3,1,0,0,2017,10,276,Monday
10-03-2017,93.79,0.34,2.1,3.15,57.2,21,3,5,2,2017,10,276,Tuesday
10-04-2017,56.33,2,4.33,4,37,6,0,2,1,2017,10,276,Wednesday
10-05-2017,73.12,5.33,3.99,5,40.8,5,0,11,2,2017,10,276,Thursday
10-06-2017,64.45,3.99,4.66,1,39.8,7,0,6,2,2017,10,276,Friday
10-07-2017,58.27,4,2.023,2,35.25,4,0,10,1,2017,10,276,Saturday
10-08-2017,115.23,8.67,3.261,5.2,77.1,2,0,15,4,2017,10,276,Sunday
10-09-2017,0.00,0,0,0,0,0,0,0,0,2017,10,276,Monday
10-10-2017,61.68,10,2.68,2,25,8,0,11,3,2017,10,276,Tuesday
10-11-2017,59.00,3.5,1,4.6,39.4,2,0,6,2.5,2017,10,276,Wednesday
10-12-2017,61.69,4,2.393,2.3,41,9,0,1,2,2017,10,276,Thursday
10/13/2017,62.33,5.33,1.396,0.6,38,8,2,3,4,2017,10,276,Friday
10/14/2017,84.70,4.84,3.66,4,42.2,9,1,20,0,2017,10,276,Saturday
10/15/2017,68.68,6,6.68,1,37,5,0,11,2,2017,10,276,Sunday
10/16/2017,61.10,2.33,0.67,0,45.1,9,0,2,2,2017,10,276,Monday
10/17/2017,55.21,3.34,1.67,6,26.2,9,2,6,1,2017,10,276,Tuesday
10/18/2017,77.52,5.34,1.33,1,52.85,15,0,1,1,2017,10,276,Wednesday
10/19/2017,61.52,4.33,5.99,4.7,25.5,8,0,13,0,2017,10,276,Thursday
10/20/2017,69.44,2.83,4.363,3,36.25,15,0,8,0,2017,10,276,Friday
10/21/2017,56.60,3.33,3.769,3.3,25.2,9,3,5,4,2017,10,276,Saturday
10/22/2017,94.80,8,5,5,57.8,8,0,9,2,2017,10,276,Sunday
10/23/2017,68.29,3.33,1.363,2,28.6,4,0,28,1,2017,10,276,Monday
10/24/2017,93.20,2,2,10,65.2,3,0,10,1,2017,10,276,Tuesday
10/25/2017,47.92,6.34,3.33,5.35,26.9,4,0,1,1,2017,10,276,Wednesday
10/26/2017,59.73,1.33,1.099,2,38,9,1,5,2.3,2017,10,276,Thursday
10/27/2017,78.68,6.32,2.363,6,26,14,1,21,2,2017,10,276,Friday
10/28/2017,56.43,5,2.33,4,24.1,11,0,7,3,2017,10,276,Saturday
10/29/2017,53.28,7.66,2.373,1.05,36,3,0,1,2.2,2017,10,276,Sunday
10/30/2017,56.96,1.5,3.66,2,32.8,7,0,9,1,2017,10,276,Monday
10/31/2017,50.69,4.33,1.363,4,38,2,0,0,1,2017,10,276,Tuesday
11-01-2017,38.10,0.67,3.429,2,23,5,0,3,1,2017,11,276,Wednesday
11-02-2017,48.72,4,2.066,1.55,22.1,5,0,11,3,2017,11,276,Thursday
11-03-2017,71.80,2.33,7.67,4.4,37.4,10,3,6,1,2017,11,276,Friday
11-04-2017,66.01,10.34,7.472,6,33,5,0,1,3.2,2017,11,276,Saturday
11-05-2017,56.68,6.33,5.799,1.1,35.45,1,0,5,2,2017,11,276,Sunday
11-06-2017,56.74,8.34,3.2,2,20.2,11,3,8,1,2017,11,276,Monday
11-07-2017,37.17,0.67,4,7,20,4,0,0,1.5,2017,11,276,Tuesday
11-08-2017,25.30,6,1.1,2,9.2,1,0,5,1,2017,11,276,Wednesday
11-09-2017,49.22,2.67,3.746,0,28.8,2,0,11,1,2017,11,276,Thursday
11-10-2017,89.20,9.34,6.66,6.2,34,9,0,22,2,2017,11,276,Friday
11-11-2017,57.60,8.5,3,4.1,32,8,0,2,0,2017,11,276,Saturday
11-12-2017,68.80,5,3.65,6.15,40,9,0,3,2,2017,11,276,Sunday
11/13/2017,70.36,9.33,2.429,4.2,44.2,5,0,5,0.2,2017,11,276,Monday
11/14/2017,46.66,3,0.859,2,6.8,14,0,19,1,2017,11,276,Tuesday
11/15/2017,44.76,5.33,2.726,7.7,17,8,3,0,1,2017,11,276,Wednesday
11/16/2017,32.93,5.33,2,3,17.6,3,0,1,1,2017,11,276,Thursday
11/17/2017,81.84,3,4.837,3,34,5,0,30,2,2017,11,276,Friday
11/18/2017,69.48,5.33,8.45,2,42.5,2,0,8,1.2,2017,11,276,Saturday
11/19/2017,52.38,4,6.88,1,29,3,0,6,2.5,2017,11,276,Sunday
11/20/2017,50.88,2.34,5.34,2.4,28.8,10,0,2,0,2017,11,276,Monday
11/21/2017,45.41,13.33,0.68,1,22.4,5,0,2,1,2017,11,276,Tuesday
11/22/2017,55.10,2,4,1,26.1,20,0,1,1,2017,11,276,Wednesday
11/23/2017,72.62,9.33,5.99,6,34.3,14,0,0,3,2017,11,276,Thursday
11/24/2017,59.46,8,3.132,5,34.324,5,2,2,0,2017,11,276,Friday
11/25/2017,52.01,5.33,6.076,4.1,26.5,8,0,2,0,2017,11,276,Saturday
11/26/2017,60.65,5.66,5.786,1,31.2,2,1,12,2,2017,11,276,Sunday
11/27/2017,59.94,1.34,3.67,6.1,34.825,4,0,7,3,2017,11,276,Monday
11/28/2017,71.29,5,1.34,5.35,40.6,5,3,8,3,2017,11,276,Tuesday
11/29/2017,60.44,6.34,2.397,4.1,32.6,7,0,5,3,2017,11,276,Wednesday
11/30/2017,54.07,5.67,1.396,3,30,2,0,9,3,2017,11,276,Thursday
12-01-2017,54.39,10.33,7.66,1,25.4,3,0,5,2,2017,12,276,Friday
12-02-2017,47.50,4.33,3.67,5,22,11,0,0,1.5,2017,12,276,Saturday
12-03-2017,58.75,5.33,6.023,3,33.4,3,0,6,2,2017,12,276,Sunday
12-04-2017,41.96,1,2.363,4,15.6,3,0,13,3,2017,12,276,Monday
12-05-2017,37.00,3.68,3.165,4.05,17.1,1,0,6,2,2017,12,276,Tuesday
12-06-2017,58.70,4,4.396,2.1,29.2,12,0,6,1,2017,12,276,Wednesday
12-07-2017,52.01,3,2.66,5.45,24.9,8,0,7,1,2017,12,276,Thursday
12-08-2017,70.54,5.33,2.51,3.5,44.2,5,1,7,2,2017,12,276,Friday
12-09-2017,72.17,5,2.17,5.4,36.6,14,0,7,2,2017,12,276,Saturday
12-10-2017,87.80,5,2.802,5,48,7,0,18,2,2017,12,276,Sunday
12-11-2017,70.90,8,6,5.5,34.4,10,0,6,1,2017,12,276,Monday
12-12-2017,74.40,1.33,5.066,3,44,6,1,12,2,2017,12,276,Tuesday
12/13/2017,48.64,4,3.34,2.3,29,9,0,0,1,2017,12,276,Wednesday
12/14/2017,47.00,3,3,3,30,5,0,0,3,2017,12,276,Thursday
12/15/2017,47.69,4.18,5.01,2.5,29,6,0,0,1,2017,12,276,Friday
12/16/2017,66.60,11,6,3,36.6,6,1,1,2,2017,12,276,Saturday
12/17/2017,77.43,7,0.33,5.1,37,11,0,15,2,2017,12,276,Sunday
12/18/2017,57.93,0.66,4.67,6,31.6,7,0,8,0,2017,12,276,Monday
12/19/2017,0.00,0,0,0,0,0,0,0,0,2017,12,276,Tuesday
12/20/2017,51.60,2,3.396,3,27.2,3,0,11,2,2017,12,276,Wednesday
12/21/2017,43.08,2.02,2.66,4,23.4,5,0,6,0,2017,12,276,Thursday
12/22/2017,51.86,5.99,2.769,1.5,26,13,0,1,1.6,2017,12,276,Friday
12/23/2017,52.91,6,4.505,6.1,28.3,6,0,1,1,2017,12,276,Saturday
12/24/2017,55.32,7.66,3.46,2,32.2,4,0,5,1,2017,12,276,Sunday
12/25/2017,33.25,1,0.62,4.1,15.53,4,0,6,2,2017,12,276,Monday
12/26/2017,88.06,2.99,4.67,3.5,56.9,9,0,9,2,2017,12,276,Tuesday
12/27/2017,61.66,7,4.814,5.15,32.7,9,0,3,0,2017,12,276,Wednesday
12/28/2017,91.24,7.33,3.462,5.1,35.35,12,3,24,1,2017,12,276,Thursday
12/29/2017,85.31,9.34,2.066,2.5,41.4,17,0,11,2,2017,12,276,Friday
12/30/2017,92.04,8.68,8.363,4,50,8,0,10,3,2017,12,276,Saturday
12/31/2017,109.37,13.83,10.043,5.3,70.2,9,0,0,1,2017,12,276,Sunday
01-01-2018,0.00,0,0,0,0,0,0,0,0,2018,1,276,Monday
01-02-2018,53.58,1,5.33,2.25,38,3,0,2,2,2018,1,276,Tuesday
01-03-2018,81.07,4.67,2.397,3,54,4,0,10,3,2018,1,276,Wednesday
01-04-2018,59.30,6,1.099,1,39.2,9,0,1,2,2018,1,276,Thursday
01-05-2018,80.83,12,6.825,3,26,11,0,21,1,2018,1,276,Friday
01-06-2018,98.52,4.66,1.66,2.2,73,4,0,5,8,2018,1,276,Saturday
01-07-2018,0.00,0,0,0,0,0,0,0,0,2018,1,276,Sunday
01-08-2018,48.66,2.33,6.53,4.2,29.6,5,0,0,1,2018,1,276,Monday
01-09-2018,72.25,5.33,2.099,5,33.825,9,6,10,1,2018,1,276,Tuesday
01-10-2018,87.24,9.33,7.406,6,44.5,12,0,6,2,2018,1,276,Wednesday
01-11-2018,63.43,4,4.33,5.5,37.6,7,0,5,0,2018,1,276,Thursday
01-12-2018,72.99,5.66,1.33,3,42,11,0,10,0,2018,1,276,Friday
1/13/2018,57.20,3.5,3.495,3.2,32,6,0,8,1,2018,1,276,Saturday
1/14/2018,54.69,4.33,5.155,1.2,36,2,0,5,1,2018,1,276,Sunday
1/15/2018,65.09,6.99,2,5.1,26,8,0,15,2,2018,1,276,Monday
1/16/2018,40.01,6.34,2.67,3,18,2,0,8,0,2018,1,276,Tuesday
1/17/2018,96.72,6.67,2.85,2,30.2,10,2,41,2,2018,1,276,Wednesday
1/18/2018,82.46,4.33,3.726,4,58.4,9,0,2,1,2018,1,276,Thursday
1/19/2018,51.26,6.33,2.528,3,23.4,12,0,3,1,2018,1,276,Friday
1/20/2018,51.98,2.66,2.32,2,38,2,0,5,0,2018,1,276,Saturday
1/21/2018,53.56,3.33,3.53,3.4,32.8,6,0,1,3.5,2018,1,276,Sunday
1/22/2018,56.40,6,3.396,6,29,5,0,6,1,2018,1,276,Monday
1/23/2018,55.27,1,1.066,4.6,38.6,4,0,5,1,2018,1,276,Tuesday
1/24/2018,68.00,7.33,6.67,4,32,13,0,4,1,2018,1,276,Wednesday
1/25/2018,74.79,3.66,5.132,4.2,36.8,15,0,7,3,2018,1,276,Thursday
1/26/2018,90.62,3,3.023,0.4,62.2,9,0,12,1,2018,1,276,Friday
1/27/2018,80.57,3.34,7.33,3,52.9,7,0,3,4,2018,1,276,Saturday
1/28/2018,87.50,1.5,2.35,5.65,55,11,0,10,2,2018,1,276,Sunday
1/29/2018,76.84,2.33,4.363,4.25,47.9,10,3,4,1,2018,1,276,Monday
1/30/2018,66.09,4.33,3.76,3,37,11,0,4,3,2018,1,276,Tuesday
1/31/2018,58.81,0.33,5.076,4,30.4,12,0,6,1,2018,1,276,Wednesday
02-01-2018,62.17,5.34,4.33,6,30.5,7,0,6,3,2018,2,276,Thursday
02-02-2018,82.32,2.33,4.99,4,54.6,6,0,6,4.4,2018,2,276,Friday
02-03-2018,100.86,4.33,7.13,3.3,67.1,12,0,5,2,2018,2,276,Saturday
02-04-2018,81.66,7.99,9.066,2,50.6,6,0,3,3,2018,2,276,Sunday
02-05-2018,91.06,7.33,3.066,3,53,18,0,6,0.66,2018,2,276,Monday
02-06-2018,78.56,4.34,1.87,6.85,51.5,8,0,5,1,2018,2,276,Tuesday
02-07-2018,91.97,4.84,8.132,3.2,44.8,8,0,23,0,2018,2,276,Wednesday
02-08-2018,65.92,6.33,1.34,3,47,7,0,1.25,0,2018,2,276,Thursday
02-09-2018,85.94,3,3.69,4.25,47,17,0,11,0,2018,2,276,Friday
02-10-2018,103.14,10.01,5.231,3.5,60.4,6,0,15,3,2018,2,276,Saturday
02-11-2018,106.78,6.33,5.396,7.8,63.25,12,0,10,2,2018,2,276,Sunday
02-12-2018,76.07,8,4.769,10,36.3,14,1,1,1,2018,2,276,Monday
2/13/2018,59.83,6,8.033,5,17.8,10,0,10,3,2018,2,276,Tuesday
2/14/2018,88.73,1,6.33,2.1,50.3,15,0,14,0,2018,2,276,Wednesday
2/15/2018,99.90,1.5,6.945,0.85,74.6,6,0,10,0,2018,2,276,Thursday
2/16/2018,92.22,7.68,7.175,1.2,65.162,10,0,0,1,2018,2,276,Friday
2/17/2018,71.37,1.33,3.64,2,50.4,5,0,9,0,2018,2,276,Saturday
2/18/2018,71.28,6,6.726,7.55,44,2,0,4,1,2018,2,276,Sunday
2/19/2018,53.04,1,3.34,1.7,27,6,0,12,2,2018,2,276,Monday
2/20/2018,51.87,4.18,2.286,4.2,30.2,6,0,2,3,2018,2,276,Tuesday
2/21/2018,57.25,1.34,7.01,9.5,27.4,5,0,6,1,2018,2,276,Wednesday
2/22/2018,70.48,5,6.33,3.15,30,6,0,20,0,2018,2,276,Thursday
2/23/2018,62.01,5.83,2.979,1,34.2,6,0,12,0,2018,2,276,Friday
2/24/2018,85.18,8,5.68,7,43.5,10,0,8,3,2018,2,276,Saturday
2/25/2018,66.48,4,1.68,2,36.8,10,0,10,2,2018,2,276,Sunday
2/26/2018,67.26,1,0.66,2,46.6,9,0,7,1,2018,2,276,Monday
2/27/2018,74.08,3.33,2.65,3.4,26.7,20,9,8,1,2018,2,276,Tuesday
2/28/2018,77.09,1,2.33,5.1,44.662,21,2,0,1,2018,2,276,Wednesday
03-01-2018,74.48,1,6.033,1.05,26.4,26,1,12,1,2018,3,276,Thursday
03-02-2018,104.40,4,3,9.5,38.4,24,3,17,5.5,2018,3,276,Friday
03-03-2018,85.70,8,2.363,8.15,40.187,12,1,10,4,2018,3,276,Saturday
03-04-2018,60.34,1,3.736,4,33.6,3,0,14,1,2018,3,276,Sunday
03-05-2018,64.76,4.33,5.33,6.1,25,6,0,17,1,2018,3,276,Monday
03-06-2018,76.88,9.5,6.33,5.85,22.2,22,8,2,1,2018,3,276,Tuesday
03-07-2018,78.77,4.5,1.67,4,20.2,31,5,11,1.4,2018,3,276,Wednesday
03-08-2018,47.90,1.33,2.769,4,25.8,10,0,0,4,2018,3,276,Thursday
03-09-2018,75.71,6.33,2.18,4.2,41,11,1,10,0,2018,3,276,Friday
03-10-2018,72.81,6,4.109,4,21.7,11,3,17,6,2018,3,276,Saturday
03-11-2018,99.80,4.66,7.54,5.6,68,0,0,11,3,2018,3,276,Sunday
03-12-2018,68.55,9,4.345,3,22.2,9,0,13,8,2018,3,276,Monday
3/13/2018,71.47,2,5.066,5.2,15.2,18,0,21,5,2018,3,276,Tuesday
3/14/2018,63.68,2.34,2.34,0,31,14,2,8,4,2018,3,276,Wednesday
3/15/2018,52.37,3.34,2.132,3,23.9,10,0,10,0,2018,3,276,Thursday
3/16/2018,46.40,3.33,3.066,1,29,7,0,2,1,2018,3,276,Friday
3/17/2018,93.80,3.99,1.66,3.15,65,11,0,5,4,2018,3,276,Saturday
3/18/2018,48.06,7.33,2.929,4.3,21.5,8,0,2,2,2018,3,276,Sunday
3/19/2018,56.94,4.34,1,0,19.6,11,2,18,1,2018,3,276,Monday
3/20/2018,90.94,2.67,3.67,9,48.6,7,0,15,5,2018,3,276,Tuesday
3/21/2018,46.00,2,2,2,27,4,0,9,0,2018,3,276,Wednesday
3/22/2018,37.82,3,3.67,1.55,24.6,4,0,0,1,2018,3,276,Thursday
3/23/2018,77.05,5,5.396,5.15,34,8,0,11,8.5,2018,3,276,Friday
3/24/2018,64.34,7,2.34,5,40,7,1,2,0,2018,3,276,Saturday
3/25/2018,71.17,4,2.66,3.2,47.312,9,0,3,2,2018,3,276,Sunday
3/26/2018,69.76,5,9.66,0.2,27.6,15,4,5,3.3,2018,3,276,Monday
3/27/2018,62.77,4.34,3.33,5.1,28,14,1,5,2,2018,3,276,Tuesday
3/28/2018,52.58,5.5,1.66,1,11.924,23,2,6,1.5,2018,3,276,Wednesday
3/29/2018,55.83,7,2.33,3,28.2,5,0,7,3.3,2018,3,276,Thursday
3/30/2018,106.79,5.33,4.46,9,42,33,8,3,2,2018,3,276,Friday
3/31/2018,78.99,9,2.99,2,50,8,0,3,4,2018,3,276,Saturday
04-01-2018,94.17,6.83,3.34,0,37,19,1,22,5,2018,4,276,Sunday
04-02-2018,97.36,5.66,4.396,6.3,30,31,0,10,10,2018,4,276,Monday
04-03-2018,68.03,1,2.529,2,38,10,6,5,3.5,2018,4,276,Tuesday
04-04-2018,61.21,6.01,5.2,3,29,9,0,1,8,2018,4,276,Wednesday
04-05-2018,90.40,6.33,3.67,5.4,39,16,1,16,3,2018,4,276,Thursday
04-06-2018,85.40,3.67,3,4.2,33.525,13,0,23,5,2018,4,276,Friday
04-07-2018,78.69,16.18,4.506,2,40,4,0,5,7,2018,4,276,Saturday
04-08-2018,0.00,0,0,0,0,0,0,0,0,2018,4,276,Sunday
04-09-2018,61.00,5,3,6,25,6,0,10,6,2018,4,276,Monday
04-10-2018,83.37,2,3.067,2,38.3,18,3,7,10,2018,4,276,Tuesday
04-11-2018,65.68,6.67,3.01,2,28,12,0,3,11,2018,4,276,Wednesday
04-12-2018,50.16,5,4.759,3.5,17.4,9,0,6,4.5,2018,4,276,Thursday
4/13/2018,73.53,4.5,2.033,5,23,12,0,23,4,2018,4,276,Friday
4/14/2018,54.68,8,3.68,2,24,2,0,3,12,2018,4,276,Saturday
4/15/2018,44.42,7.66,2.759,3,20,5,0,0,6,2018,4,276,Sunday
4/16/2018,64.77,2,6.02,0.25,40.5,9,0,4,3,2018,4,276,Monday
4/17/2018,42.90,3.34,1.406,0.15,16,10,0,6,6,2018,4,276,Tuesday
4/18/2018,47.04,5,0.54,3.25,25.25,5,0,7,1,2018,4,276,Wednesday
4/19/2018,54.05,5,5.67,1,31.375,3,0,1,7,2018,4,276,Thursday
4/20/2018,49.51,5,4.506,0,15,10,0,6,9,2018,4,276,Friday
4/21/2018,66.54,3.5,3.439,2,40.4,7,0,4,6.2,2018,4,276,Saturday
4/22/2018,70.59,6,5.09,3.5,42.5,7,0,0,6.5,2018,4,276,Sunday
4/23/2018,42.26,7,0.693,1,15.562,7,0,2,9,2018,4,276,Monday
4/24/2018,58.46,6,4.462,6,20,9,0,1,12,2018,4,276,Tuesday
4/25/2018,88.76,9,7.66,5,18.1,8,2,30,9,2018,4,276,Wednesday
4/26/2018,46.43,5.33,1.099,2,18,8,0,7,5,2018,4,276,Thursday
4/27/2018,78.21,6.68,3.529,3,43,12,0,6,4,2018,4,276,Friday
4/28/2018,65.63,9.33,2,2.05,27.25,11,1,6,7,2018,4,276,Saturday
4/29/2018,62.73,7.33,6,6,14,5,0,14,10.4,2018,4,276,Sunday
4/30/2018,48.79,5,6.66,3,14.125,12,0,1,7,2018,4,276,Monday
05-01-2018,18.54,2.34,0,1,6.2,0,0,1,8,2018,5,276,Tuesday
05-02-2018,68.73,6,3.526,2,38.2,7,0,3,9,2018,5,276,Wednesday
05-03-2018,69.37,2.33,1.779,2,27.262,10,0,16,10,2018,5,276,Thursday
05-04-2018,36.18,1,2.93,5,8.75,6,0,2,10.5,2018,5,276,Friday
05-05-2018,57.34,9,3.34,5,24,9,0,0,7,2018,5,276,Saturday
05-06-2018,57.95,3.34,10.66,0.25,18.2,9,0,3,13.5,2018,5,276,Sunday
05-07-2018,54.69,9.66,0.033,0,22,13,0,7,3,2018,5,276,Monday
05-08-2018,58.34,10.5,5.84,1,15,14,2,1,9,2018,5,276,Tuesday
05-09-2018,60.07,9.34,2.33,7,24.4,8,2,2,5,2018,5,276,Wednesday
05-10-2018,77.82,8.5,5.32,6,39,12,0,1,6,2018,5,276,Thursday
05-11-2018,50.67,9.33,1.34,3,19,6,0,2,10,2018,5,276,Friday
05-12-2018,66.14,1.33,3.66,5.15,27,10,0,11,8,2018,5,276,Saturday
5/13/2018,48.32,5.16,5.759,3,14.4,3,0,7,10,2018,5,276,Sunday
5/14/2018,78.54,6,6.539,1,20,4,1,37,3,2018,5,276,Monday
5/15/2018,43.67,4,0.67,2,14,11,0,5,7,2018,5,276,Tuesday
5/16/2018,41.24,4.01,2.33,2.5,13.4,9,0,2,8,2018,5,276,Wednesday
5/17/2018,40.28,2,2.78,3.5,16,11,0,1,4,2018,5,276,Thursday
5/18/2018,55.14,2.34,1.396,6,30,11,0,2,2.4,2018,5,276,Friday
5/19/2018,41.30,2.34,2.561,1,18.4,7,5,0,5,2018,5,276,Saturday
5/20/2018,78.01,7,8.01,1,45,6,1,0,10,2018,5,276,Sunday
5/21/2018,65.51,12,2.759,2.15,14.6,18,0,11,5,2018,5,276,Monday
5/22/2018,36.06,3.67,2.33,3,8.062,7,0,6,6,2018,5,276,Tuesday
5/23/2018,30.16,1.5,3.66,0,11,7,0,0,7,2018,5,276,Wednesday
5/24/2018,47.19,2,1.99,5,20.2,6,1,10,1,2018,5,276,Thursday
5/25/2018,35.06,2.33,2.33,2,16.4,9,0,1,2,2018,5,276,Friday
5/26/2018,44.35,3.33,2.759,7,16.262,7,0,3,5,2018,5,276,Saturday
5/27/2018,83.11,6.33,4.518,5,49.262,6,1,0,11,2018,5,276,Sunday
5/28/2018,50.81,7,3.01,1.2,19.6,7,0,7,6,2018,5,276,Monday
5/29/2018,54.58,9,4.033,3.3,21.25,7,0,4,6,2018,5,276,Tuesday
5/30/2018,57.41,4.34,1.67,2,16.4,9,0,14,10,2018,5,276,Wednesday
5/31/2018,43.55,3.5,3.66,1.35,11.4,10,0,8,5.64,2018,5,276,Thursday
06-01-2018,64.51,12.33,2.18,4,29,9,0,5,3,2018,6,276,Friday
06-02-2018,66.09,8,3.086,4,23,9,3,7,9,2018,6,276,Saturday
06-03-2018,42.15,5,2.746,1,22.4,8,1,0,2,2018,6,276,Sunday
06-04-2018,46.33,3.33,3,6,19,3,0,6,6,2018,6,276,Monday
06-05-2018,45.05,4.33,3.67,1.05,20,7,2,0,7,2018,6,276,Tuesday
06-06-2018,46.74,6,2.34,0.15,17.25,16,3,0,2,2018,6,276,Wednesday
06-07-2018,49.78,2,4.528,0.25,19,11,1,10,2,2018,6,276,Thursday
06-08-2018,28.73,4,1.33,2,9,6,0,2,4.4,2018,6,276,Friday
06-09-2018,54.46,8,6.462,3,21,11,0,5,0,2018,6,276,Saturday
06-10-2018,55.55,2.66,4.693,5,33.2,7,0,0,3,2018,6,276,Sunday
06-11-2018,59.43,8,8.33,3.1,17,17,0,0,6,2018,6,276,Monday
06-12-2018,40.43,2.34,4.5,4,18.186,3,0,1,7.4,2018,6,276,Tuesday
6/13/2018,42.78,12,4.33,1.2,22.25,1,0,0,2,2018,6,276,Wednesday
6/14/2018,37.00,0,1,1,22,11,0,0,2,2018,6,276,Thursday
6/15/2018,32.50,1,0.066,0.3,11.133,10,0,8,2,2018,6,276,Friday
6/16/2018,38.72,3.34,6.383,5,10,5,0,2,7,2018,6,276,Saturday
6/17/2018,60.43,4.84,6.586,6,24,10,0,5,4,2018,6,276,Sunday
6/18/2018,32.93,4.5,1.33,2.1,14,4,0,1,6,2018,6,276,Monday
6/19/2018,50.34,4,3.34,4,23,8,0,5,3,2018,6,276,Tuesday
6/20/2018,50.35,3.66,4.528,2.5,15.062,8,3,11,2.6,2018,6,276,Wednesday
6/21/2018,66.76,3.35,2.913,4,36,5,0,5,10.5,2018,6,276,Thursday
6/22/2018,40.75,5,5.099,4.15,12,3,0,6,5.5,2018,6,276,Friday
6/23/2018,38.67,5.33,7.343,2,14,7,0,1,2,2018,6,276,Saturday
6/24/2018,50.42,1.67,4.746,2,29,10,0,0,3,2018,6,276,Sunday
6/25/2018,59.49,3.33,3.099,0,31.062,12,3,5,2,2018,6,276,Monday
6/26/2018,53.40,10.33,5.67,3,15,6,0,9,4.4,2018,6,276,Tuesday
6/27/2018,33.40,2,2.396,3,11,10,0,2,3,2018,6,276,Wednesday
6/28/2018,39.19,3,2.192,4,10,13,0,5,2,2018,6,276,Thursday
6/29/2018,28.00,1,3,2,10,8,0,0,4,2018,6,276,Friday
6/30/2018,59.98,6.84,3.34,7,26.8,10,2,0,4,2018,6,276,Saturday
07-01-2018,49.69,2,3.693,1,22,7,0,10,4,2018,7,276,Sunday
07-02-2018,65.26,3.33,6.33,3,24.6,18,0,3,7,2018,7,276,Monday
07-03-2018,43.27,6.34,2.33,1,13.6,9,0,8,3,2018,7,276,Tuesday
07-04-2018,58.58,1,2.83,3.5,16.25,6,0,22,7,2018,7,276,Wednesday
07-05-2018,39.09,4.33,2.759,4,15,6,3,3,1,2018,7,276,Thursday
07-06-2018,49.91,2.33,5.33,1.25,20,15,0,0,6,2018,7,276,Friday
07-07-2018,60.35,6.33,8.52,7,19,14,0,0,5.5,2018,7,276,Saturday
07-08-2018,61.54,7.33,5.211,2,28,10,0,5,4,2018,7,276,Sunday
07-09-2018,58.33,3.33,2,4,31,12,3,0,3,2018,7,276,Monday
07-10-2018,67.36,6,6.36,4,34,9,2,2,4,2018,7,276,Tuesday
07-11-2018,66.76,10,3.363,3,29.4,13,0,6,2,2018,7,276,Wednesday
07-12-2018,56.34,3,4.34,7,24,11,4,0,3,2018,7,276,Thursday
7/13/2018,37.16,1.34,2.67,1.15,22,5,0,2,3,2018,7,276,Friday
7/14/2018,38.60,0,3.2,0,26,8,0,0,1.4,2018,7,276,Saturday
7/15/2018,57.92,10,9.42,3.5,23,4,0,1,7,2018,7,276,Sunday
7/16/2018,48.35,9.33,5.023,1,22,8,0,0,3,2018,7,276,Monday
7/17/2018,56.39,2.33,3.66,2,29.4,13,0,0,6,2018,7,276,Tuesday
7/18/2018,55.34,2.5,2.837,5,10,17,0,12,6,2018,7,276,Wednesday
7/19/2018,47.84,6.84,4,3,16,14,1,0,3,2018,7,276,Thursday
7/20/2018,61.38,5,7.177,5,35.2,2,1,2,4,2018,7,276,Friday
7/21/2018,44.32,4,5.02,0.3,22,7,0,5,1,2018,7,276,Saturday
7/22/2018,54.00,3.66,4.34,0,31,4,0,5,6,2018,7,276,Sunday
7/23/2018,45.94,8.68,1.863,2.1,12,15,1,0,5.3,2018,7,276,Monday
7/24/2018,46.68,9.68,4,2,22,4,1,2,2,2018,7,276,Tuesday
7/25/2018,34.68,5,2.68,2,16,7,0,0,2,2018,7,276,Wednesday
7/26/2018,44.16,4.33,1.827,5,24,4,0,1,4,2018,7,276,Thursday
7/27/2018,46.08,2.34,3.34,3,19.4,11,0,1,6,2018,7,276,Friday
7/28/2018,47.51,6,4.01,1,24.5,9,0,0,3,2018,7,276,Saturday
7/29/2018,29.95,3.5,4.35,2.1,9,7,1,0,3,2018,7,276,Sunday
7/30/2018,55.63,3,6.33,5.3,26,9,2,0,4,2018,7,276,Monday
7/31/2018,35.07,7.33,3.736,3,13,5,0,0,3,2018,7,276,Tuesday
08-01-2018,36.34,1,2.34,1,14,9,1,1,7,2018,8,276,Wednesday
08-02-2018,30.00,0,1,0,11,11,0,2,5,2018,8,276,Thursday
08-03-2018,39.68,4.01,2.67,2,21,9,0,0,1,2018,8,276,Friday
08-04-2018,40.87,5,3.87,2,8,11,3,0,8,2018,8,276,Saturday
08-05-2018,38.29,6,0.99,5,13,4,2,6,1.3,2018,8,276,Sunday
08-06-2018,52.88,8.33,6.165,2,21.388,7,0,6,2,2018,8,276,Monday
08-07-2018,40.00,2.33,2.67,8,15,7,1,1,3,2018,8,276,Tuesday
08-08-2018,34.12,4.33,2.793,2,10,13,0,0,2,2018,8,276,Wednesday
08-09-2018,51.14,2.67,3.066,1,29.4,13,0,0,2,2018,8,276,Thursday
08-10-2018,39.00,6,4,4,19,4,0,0,2,2018,8,276,Friday
08-11-2018,83.13,4,4.133,6,37,16,1,5,10,2018,8,276,Saturday
08-12-2018,46.98,10.99,4.99,6,16,6,0,1,2,2018,8,276,Sunday
8/13/2018,53.60,3.33,5.02,2,23.25,15,0,3,2,2018,8,276,Monday
8/14/2018,39.07,1.33,2.736,5,12,9,0,4,5,2018,8,276,Tuesday
8/15/2018,62.74,8.34,4.199,2,32.2,13,2,0,1,2018,8,276,Wednesday
8/16/2018,62.46,3.33,8.729,4,27.4,6,3,5,5,2018,8,276,Thursday
8/17/2018,42.72,2.33,2.99,2.4,23,5,1,5,1,2018,8,276,Friday
8/18/2018,55.77,6.33,5.34,0,32.1,5,1,6,0,2018,8,276,Saturday
8/19/2018,45.73,6.33,4.495,1,19.9,3,0,5,6,2018,8,276,Sunday
8/20/2018,65.28,4,5.68,4.2,21.4,7,0,20,3,2018,8,276,Monday
8/21/2018,43.69,2.34,3,2.15,26.2,4,1,1,4,2018,8,276,Tuesday
8/22/2018,36.33,5,4.33,0,18,4,1,0,4,2018,8,276,Wednesday
8/23/2018,82.07,5,4.067,4,35,8,0,23,3,2018,8,276,Thursday
8/24/2018,77.84,4,2.34,1,38.5,7,0,21,4,2018,8,276,Friday
8/25/2018,50.38,3.67,4.01,3.2,27,4,0,6,2.5,2018,8,276,Saturday
8/26/2018,101.30,11.33,6.67,4,57,10,0,8,4.3,2018,8,276,Sunday
8/27/2018,37.34,3.34,1,9,16,6,0,1,1,2018,8,276,Monday
8/28/2018,43.08,2,2.68,1,26.4,7,1,0,3,2018,8,276,Tuesday
8/29/2018,58.14,6.67,2.67,1.3,28.5,10,1,5,3,2018,8,276,Wednesday
8/30/2018,59.07,2.33,2.736,3,38,7,0,4,2,2018,8,276,Thursday
8/31/2018,62.88,4.34,3.34,0,17.2,13,1,20,4,2018,8,276,Friday
09-01-2018,33.54,2.34,0,2.2,19,6,1,1,2,2018,9,276,Saturday
09-02-2018,47.05,6.68,5.373,3,20,5,0,5,2,2018,9,276,Sunday
09-03-2018,48.42,1,2.02,2,27.4,12,0,0,4,2018,9,276,Monday
09-04-2018,40.09,4,1.086,1,22,7,0,3,2,2018,9,276,Tuesday
09-05-2018,55.33,6.5,3.33,1.5,28,11,0,3,2,2018,9,276,Wednesday
09-06-2018,50.12,6.66,4.056,3,18.4,13,0,5,0,2018,9,276,Thursday
09-07-2018,85.45,2,1.746,4,42,6,0,22,7.7,2018,9,276,Friday
09-08-2018,76.84,10,2.34,6.1,35.4,12,0,10,1,2018,9,276,Saturday
09-09-2018,66.94,4,5.944,0,50,2,0,0,5,2018,9,276,Sunday
09-10-2018,80.81,7,2.406,2,49.4,14,3,1,2,2018,9,276,Monday
09-11-2018,90.33,9,2.726,3,50.6,15,0,6,4,2018,9,276,Tuesday
09-12-2018,67.00,4,3,2,35,18,0,5,0,2018,9,276,Wednesday
9/13/2018,48.52,2.83,3.086,1,20.6,5,2,12,2,2018,9,276,Thursday
9/14/2018,83.02,8,7.02,4,54,7,0,1,2,2018,9,276,Friday
9/15/2018,52.11,6,2.01,4,19.7,6,0,10,4.4,2018,9,276,Saturday
9/16/2018,48.50,3.33,0.67,3.25,24.25,6,1,7,3,2018,9,276,Sunday
9/17/2018,69.48,3,2.33,3.75,44.4,10,1,5,0,2018,9,276,Monday
9/18/2018,43.04,4.34,3,3.7,20,6,0,1,5,2018,9,276,Tuesday
9/19/2018,63.68,6,3.68,2,26,10,0,9,7,2018,9,276,Wednesday
9/20/2018,51.27,2,4.067,2,24.2,13,1,0,5,2018,9,276,Thursday
9/21/2018,58.60,4.66,5.837,1,33.1,10,0,1,3,2018,9,276,Friday
9/22/2018,75.93,6,3.833,1.5,31.6,6,1,23,3,2018,9,276,Saturday
9/23/2018,84.89,7.34,9.439,3.25,42.862,9,0,8,5,2018,9,276,Sunday
9/24/2018,88.30,7.33,3.67,5.5,53.8,7,0,9,2,2018,9,276,Monday
9/25/2018,102.89,6,4.736,3.3,53.85,11,0,22,2,2018,9,276,Tuesday
9/26/2018,72.40,3,9,6,41.4,9,1,0,3,2018,9,276,Wednesday
9/27/2018,55.17,4,6.567,4.6,19,11,0,7,3,2018,9,276,Thursday
9/28/2018,61.98,2,4.68,3.7,40.6,3,0,5,3,2018,9,276,Friday
9/29/2018,94.68,3.5,5.33,2.15,57.7,4,0,21,1,2018,9,276,Saturday
9/30/2018,85.02,11.01,2.01,2,54,9,1,3,3,2018,9,276,Sunday
10-01-2018,95.93,3,4.932,1,53,10,0,21,3,2018,10,276,Monday
10-02-2018,45.01,6,3.91,3.5,18.6,7,0,6,0,2018,10,276,Tuesday
10-03-2018,70.23,6,3.33,3,34.9,12,2,5,4,2018,10,276,Wednesday
10-04-2018,61.36,6,3.36,2,32,12,1,5,0,2018,10,276,Thursday
10-05-2018,54.14,4.84,3.397,1.1,22.8,7,0,14,1,2018,10,276,Friday
10-06-2018,76.91,2,5.36,3.2,59.25,4,0,3,0.1,2018,10,276,Saturday
10-07-2018,72.43,2.68,7.35,2,42.4,8,0,9,1,2018,10,276,Sunday
10-08-2018,64.68,4,1.68,3,30,18,5,0,3,2018,10,276,Monday
10-09-2018,82.67,2,1.67,1,30,18,0,29,1,2018,10,276,Tuesday
10-10-2018,97.31,9,8.01,4.1,41.2,13,0,20,2,2018,10,276,Wednesday
10-11-2018,53.43,2,2.33,2.1,31,15,0,0,1,2018,10,276,Thursday
10-12-2018,50.69,6.33,4.363,1,26,6,0,1,6,2018,10,276,Friday
10/13/2018,61.35,6.99,4.507,3.25,29.6,8,0,6,3,2018,10,276,Saturday
10/14/2018,83.25,2.34,6.01,6.2,51.7,9,2,0,6,2018,10,276,Sunday
10/15/2018,80.84,7.17,0.066,3,47.6,12,0,5,6,2018,10,276,Monday
10/16/2018,54.62,6,5.322,2,27.3,5,3,6,0,2018,10,276,Tuesday
10/17/2018,74.53,2.33,6,4,52.2,5,0,1,4,2018,10,276,Wednesday
10/18/2018,47.44,4.34,3,1.1,14,9,1,10,5,2018,10,276,Thursday
10/19/2018,33.67,4,2.066,0,10.6,5,2,6,4,2018,10,276,Friday
10/20/2018,87.36,2.34,2.02,2,33,9,0,34,5,2018,10,276,Saturday
10/21/2018,86.66,6.67,8.69,1,56.3,5,3,5,1,2018,10,276,Sunday
10/22/2018,69.07,2.66,7.01,3.3,18.8,8,0,28,1.3,2018,10,276,Monday
10/23/2018,73.59,2.34,2,0.45,44.8,9,1,11,3,2018,10,276,Tuesday
10/24/2018,66.81,4,2.109,5,37.2,7,0,10,1.5,2018,10,276,Wednesday
10/25/2018,113.96,5.33,5.429,3,52.2,12,0,33,3,2018,10,276,Thursday
10/26/2018,87.97,4,5.373,4.6,44,14,1,14,1,2018,10,276,Friday
10/27/2018,85.94,8.34,3.426,2.2,49.975,12,1,7,2,2018,10,276,Saturday
10/28/2018,94.01,5.33,5.33,1.6,53.75,9,3,13,3,2018,10,276,Sunday
10/29/2018,61.17,5.35,2.67,2.35,32.8,5,0,10,3,2018,10,276,Monday
10/30/2018,53.53,9.33,4,1,18.2,7,0,13,1,2018,10,276,Tuesday
10/31/2018,54.78,2,4.68,3,34.1,7,0,2,2,2018,10,276,Wednesday
11-01-2018,52.18,7.84,0.34,3,25,6,3,7,0,2018,11,276,Thursday
11-02-2018,52.09,5.14,1.845,0,32.6,8.2,0,1,3.3,2018,11,276,Friday
11-03-2018,61.60,3,3,6.2,45.4,2,0,0,2,2018,11,276,Saturday
11-04-2018,91.89,13.99,4.896,0,52,7,0,13,1,2018,11,276,Sunday
11-05-2018,72.97,6.33,2.34,6,29,14,0,13,2.3,2018,11,276,Monday
11-06-2018,81.76,3.33,6.68,10.55,37.7,8,0,13,2.5,2018,11,276,Tuesday
11-07-2018,76.76,7,1.863,3,38.9,15,3,8,0,2018,11,276,Wednesday
11-08-2018,71.57,3,1.573,6,38,5,0,16,2,2018,11,276,Thursday
11-09-2018,83.67,5,0.67,5,43,7,1,22,0,2018,11,276,Friday
11-10-2018,64.45,4.33,2.417,2,35.6,7,1,11,1.1,2018,11,276,Saturday
11-11-2018,75.90,11,4.246,2,33.65,14,0,10,1,2018,11,276,Sunday
11-12-2018,88.67,2.34,2.33,7,35,15,2,24,1,2018,11,276,Monday
11/13/2018,86.38,6.33,5.35,6,29.7,18,0,18,3,2018,11,276,Tuesday
11/14/2018,50.73,5.66,4.67,3,28.4,9,0,0,0,2018,11,276,Wednesday
11/15/2018,91.68,2,4.083,2,49.6,3,2,29,0,2018,11,276,Thursday
11/16/2018,48.89,8.33,2.66,4,21.5,6,0,6,0.4,2018,11,276,Friday
11/17/2018,70.34,8,2.34,1,39,5,0,13,2,2018,11,276,Saturday
11/18/2018,66.26,4.68,4.68,5,32.9,7,1,10,1,2018,11,276,Sunday
11/19/2018,69.65,6.01,2.44,2,47.2,6,3,3,0,2018,11,276,Monday
11/20/2018,62.63,5.33,3.803,4,31.5,4,1,10,3,2018,11,276,Tuesday
11/21/2018,45.59,7,2.34,3.25,22,5,0,5,1,2018,11,276,Wednesday
11/22/2018,66.47,8,7.066,3,22.4,9,0,15,2,2018,11,276,Thursday
11/23/2018,84.07,6,4.472,3,29.6,13,1,24,3,2018,11,276,Friday
11/24/2018,63.94,5.66,5.78,5,29.2,11,0,7,0.3,2018,11,276,Saturday
11/25/2018,43.17,5.33,3.593,3.15,19.1,6,1,3,2,2018,11,276,Sunday
11/26/2018,80.97,5.33,2.34,2,36.3,15,1,16,3,2018,11,276,Monday
11/27/2018,65.17,8,4.67,2,41.5,2,0,5,2,2018,11,276,Tuesday
11/28/2018,63.07,3,5.67,1,24.4,15,2,8,4,2018,11,276,Wednesday
11/29/2018,43.25,4.33,4.32,1,22.6,7,0,1,3,2018,11,276,Thursday
11/30/2018,32.91,1,3.01,1,22.4,3,0,0,2.5,2018,11,276,Friday
12-01-2018,83.83,7,8.779,2.05,41,7,3,13,2,2018,12,276,Saturday
12-02-2018,125.65,3.17,5.779,10,65.7,6,0,27,8,2018,12,276,Sunday
12-03-2018,84.18,6,5.083,2.1,44,13,0,13,1,2018,12,276,Monday
12-04-2018,59.70,2.5,3,3,32.2,11,0,5,3,2018,12,276,Tuesday
12-05-2018,83.86,5.33,3.726,3.5,41.3,13,0,15,2,2018,12,276,Wednesday
12-06-2018,0.00,0,0,0,0,0,0,0,0,2018,12,276,Thursday
12-07-2018,87.41,5,3.01,3,47.4,14,0,12,3,2018,12,276,Friday
12-08-2018,0.00,0,0,0,0,0,0,0,0,2018,12,276,Saturday
12-09-2018,93.15,4.66,6.69,4.1,57.7,9,0,11,0,2018,12,276,Sunday
12-10-2018,55.30,4,5,1.5,23.8,12,1,7,1,2018,12,276,Monday
12-11-2018,66.86,4,4.01,8.35,28,12,3,2,5.5,2018,12,276,Tuesday
12-12-2018,78.93,4.33,2,3,37.6,11,0,21,0,2018,12,276,Wednesday
12/13/2018,68.42,3.68,2.243,3,47.5,6,0,6,0,2018,12,276,Thursday
12/14/2018,60.60,2,2,0.2,23.4,2,1,29,1,2018,12,276,Friday
12/15/2018,105.49,4,2.34,3.45,62.4,5,0,26,2.3,2018,12,276,Saturday
12/16/2018,43.85,1.33,4.32,0.2,27,3,0,7,1,2018,12,276,Sunday
12/17/2018,97.35,6.34,2.01,5,53,6,1,22,2,2018,12,276,Monday
12/18/2018,64.30,0.33,2.473,1,34.5,12,3,9,2,2018,12,276,Tuesday
12/19/2018,0.00,0,0,0,0,0,0,0,0,2018,12,276,Wednesday
12/20/2018,54.00,8.34,1.66,1,27,12,3,1,0,2018,12,276,Thursday
12/21/2018,65.35,2,1.35,0,35,12,1,13,1,2018,12,276,Friday
12/22/2018,63.58,8.34,3.34,4.5,43.4,3,1,0,0,2018,12,276,Saturday
12/23/2018,93.74,12.33,6.406,2.3,47.7,8,0,13,4,2018,12,276,Sunday
12/24/2018,75.02,8.67,4.35,1,32,20,0,8,1,2018,12,276,Monday
12/25/2018,96.78,8,6.076,5.1,42.6,9,3,21,2,2018,12,276,Tuesday
12/26/2018,77.81,1,0.66,2.15,50,8,1,13,2,2018,12,276,Wednesday
12/27/2018,65.34,3.68,3.01,3.05,40.6,8,0,7,0,2018,12,276,Thursday
12/28/2018,100.92,11.67,5.845,1,56.4,11,6,9,0,2018,12,276,Friday
12/29/2018,95.64,6.68,5.611,1,68.35,5,0,7,2,2018,12,276,Saturday
12/30/2018,118.12,5.33,7.593,5,59.9,6,0,31,3.3,2018,12,276,Sunday
12/31/2018,82.36,8,4.66,5.2,44.5,10,0,6,4,2018,12,276,Monday
01-01-2019,0.00,0,0,0,0,0,0,0,0,2019,1,276,Tuesday
01-02-2019,65.68,5.33,4.397,4.15,36.8,4,0,9,2,2019,1,276,Wednesday
01-03-2019,72.82,4.33,4.836,6.25,42.4,6,0,9,0,2019,1,276,Thursday
01-04-2019,80.07,7,3.67,2.6,55.8,10,0,0,1,2019,1,276,Friday
01-05-2019,118.55,8.01,3.69,3.1,62.75,10,0,30,1,2019,1,276,Saturday
01-06-2019,83.99,8.33,10.01,2.25,47.4,11,2,0,3,2019,1,276,Sunday
01-07-2019,0.00,0,0,0,0,0,0,0,0,2019,1,276,Monday
01-08-2019,67.46,4.34,3.32,0,41.8,6,0,10,2,2019,1,276,Tuesday
01-09-2019,109.13,3,1.33,2,64.8,24,3,10,1,2019,1,276,Wednesday
01-10-2019,84.28,8,3.58,5.6,39.1,12,2,13,1,2019,1,276,Thursday
01-11-2019,95.27,5.33,7.34,3,61.6,12,0,6,0,2019,1,276,Friday
01-12-2019,124.38,6.66,7.02,5,74.5,21.2,0,10,0,2019,1,276,Saturday
1/13/2019,99.74,8.33,5.814,4.6,73,4,1,1,2,2019,1,276,Sunday
1/14/2019,100.70,9,9.7,3,51,10,0,18,0,2019,1,276,Monday
1/15/2019,71.71,4.33,4.33,3.65,30.4,9,0,19,1,2019,1,276,Tuesday
1/16/2019,101.37,7.5,5.066,6,48.8,12,0,17,5,2019,1,276,Wednesday
1/17/2019,90.32,5.34,3.68,3.7,55.6,10,3,8,1,2019,1,276,Thursday
1/18/2019,83.57,6.33,6.439,4,27.8,13,0,24,2,2019,1,276,Friday
1/19/2019,111.31,7.02,8.391,5.5,77.4,9,0,1,3,2019,1,276,Saturday
1/20/2019,162.28,11.67,14.463,2.1,93.05,6,0,34,1,2019,1,276,Sunday
1/21/2019,119.32,4.34,5.825,0,67.15,11,0,31,0,2019,1,276,Monday
1/22/2019,110.81,6.83,7.076,1,74.9,13,1,7,0,2019,1,276,Tuesday
1/23/2019,106.29,3.33,8.463,7.1,58.4,4,0,23,2,2019,1,276,Wednesday
1/24/2019,77.80,4,4.495,6,47.3,7,4,2,3,2019,1,276,Thursday
1/25/2019,71.16,2.33,7.18,4,32.65,11,2,11,1,2019,1,276,Friday
1/26/2019,141.66,7,8.459,2.4,97.8,11,1,13,1,2019,1,276,Saturday
1/27/2019,145.37,10.52,11.745,2,100.1,12,1,6,2,2019,1,276,Sunday
1/28/2019,105.61,8.5,7.109,3,45,11,0,28,3,2019,1,276,Monday
1/29/2019,79.25,5,5,3.45,38.8,10,2,15,0,2019,1,276,Tuesday
1/30/2019,86.91,6.33,5.713,2.25,52.312,8,0,11,1.3,2019,1,276,Wednesday
1/31/2019,108.38,1.67,11.505,2,62.2,8,1,20,2,2019,1,276,Thursday
02-01-2019,78.97,11.34,1.726,8,38.9,9,0,7,3,2019,2,276,Friday
02-02-2019,150.51,13.34,12.706,6.2,64.262,8,1,45,0,2019,2,276,Saturday
02-03-2019,89.05,6,9.812,5.75,47.088,10,1,5,4.4,2019,2,276,Sunday
02-04-2019,83.01,6.33,6.68,3,47,5,1,12,2,2019,2,276,Monday
02-05-2019,60.17,5.33,10.386,3.65,33.8,2,0,1,4,2019,2,276,Tuesday
02-06-2019,51.22,6.34,4.178,2.2,29,4,0,4,1.5,2019,2,276,Wednesday
02-07-2019,88.56,2.33,5.132,4.5,42.6,11,0,22,1,2019,2,276,Thursday
02-08-2019,94.57,2,6.373,7,50.2,9,3,12,5,2019,2,276,Friday
02-09-2019,92.71,6.68,7.383,5,51.65,10,0,11,1,2019,2,276,Saturday
02-10-2019,67.21,3.34,7.119,3.35,43.2,9,0,0,1.2,2019,2,276,Sunday
02-11-2019,69.62,8,7.469,6.15,30,10,0,5,3,2019,2,276,Monday
02-12-2019,59.30,6.66,3.34,0,34.6,8.2,0,6,0.5,2019,2,276,Tuesday
2/13/2019,62.21,4,4.01,1,27.2,16,0,8,2,2019,2,276,Wednesday
2/14/2019,85.50,2.33,6.517,3.15,54.5,9,0,7,3,2019,2,276,Thursday
2/15/2019,95.89,5.34,5,12.5,52.05,16,0,3,2,2019,2,276,Friday
2/16/2019,70.76,6.34,6.02,5,36.4,8,0,6,3,2019,2,276,Saturday
2/17/2019,40.22,2.34,4.416,4,15.162,11.2,0,0,3.1,2019,2,276,Sunday
2/18/2019,53.42,3.34,2.076,3.6,27.4,7,0,10,0,2019,2,276,Monday
2/19/2019,62.56,3.33,4.33,1.5,27.4,15,2,6,3,2019,2,276,Tuesday
2/20/2019,65.02,2.34,4.779,3.3,30.6,14,0,7,3,2019,2,276,Wednesday
2/21/2019,77.16,1.66,5,2.1,45.4,15,1,5,2,2019,2,276,Thursday
2/22/2019,29.53,2.33,2,1.2,16,5,0,1,2,2019,2,276,Friday
2/23/2019,63.15,5.01,2.44,3.2,38.2,13,0,0,1.3,2019,2,276,Saturday
2/24/2019,34.85,4.34,4.01,1.5,19,2,0,2,2,2019,2,276,Sunday
2/25/2019,45.96,5.34,1.423,3,25.2,4,2,2,3,2019,2,276,Monday
2/26/2019,52.31,2.33,3.83,5.15,27,8,0,3,3,2019,2,276,Tuesday
2/27/2019,37.77,5,0.67,1.2,13.4,9,0,1,7.5,2019,2,276,Wednesday
2/28/2019,83.00,0.67,3.33,4,34,2,1,35,3,2019,2,276,Thursday
03-01-2019,49.85,1.33,3.821,2.5,22.2,12,0,6,2,2019,3,276,Friday
03-02-2019,72.34,4.01,1.33,4,46,9,3,0,5,2019,3,276,Saturday
03-03-2019,48.41,8,4.01,1,20,5,0,10,0.4,2019,3,276,Sunday
03-04-2019,66.00,5.33,2.67,7,41,3,0,5,2,2019,3,276,Monday
03-05-2019,47.84,3.01,2.33,0.2,20,8,3,6,5.3,2019,3,276,Tuesday
03-06-2019,59.44,0.34,1.396,0.7,31,17,1,5,3,2019,3,276,Wednesday
03-07-2019,51.66,7.33,2.076,4.25,10,24,0,0,4,2019,3,276,Thursday
03-08-2019,48.87,2.33,3.34,0.2,33.7,4,1,0,4.3,2019,3,276,Friday
03-09-2019,80.21,6.34,1.67,4,45.2,11,0,7,5,2019,3,276,Saturday
03-10-2019,82.27,5.83,3.087,5.35,51,5,0,3,9,2019,3,276,Sunday
03-11-2019,74.23,14.66,3.67,2.5,26.4,10,3,11,3,2019,3,276,Monday
03-12-2019,62.05,4.33,3.373,1.5,31.85,12,0,7,2,2019,3,276,Tuesday
3/13/2019,57.01,2.67,4.34,6,22,10,0,8,4,2019,3,276,Wednesday
3/14/2019,103.07,4,5.67,0.2,47.2,12,1,27,6,2019,3,276,Thursday
3/15/2019,80.17,2.83,1.34,3,40,7,1,20,5,2019,3,276,Friday
3/16/2019,64.18,8.34,0.837,5,29,9,0,5,7,2019,3,276,Saturday
3/17/2019,88.40,6.68,3.723,2,55,6,0,10,5,2019,3,276,Sunday
3/18/2019,49.27,2.33,0.835,2.1,23,11,0,1,9,2019,3,276,Monday
3/19/2019,61.03,9,3.33,1.5,26.2,10,1,2,8,2019,3,276,Tuesday
3/20/2019,70.77,5.67,2,2,28.9,8.2,0,19,5,2019,3,276,Wednesday
3/21/2019,46.55,2.33,1.423,0,18.8,13,0,6,5,2019,3,276,Thursday
3/22/2019,101.80,4.66,7.043,1.1,41,13,0,29,6,2019,3,276,Friday
3/23/2019,42.11,6,3.36,4.25,15.5,7,0,1,5,2019,3,276,Saturday
3/24/2019,88.07,6,2.67,3,43.2,6.2,1,16,10,2019,3,276,Sunday
3/25/2019,66.36,4.84,4.523,6,27,11,1,6,6,2019,3,276,Monday
3/26/2019,87.51,4,5.51,3,36,11,0,19,9,2019,3,276,Tuesday
3/27/2019,64.71,6.34,7.769,3,25.6,12,1,0,9,2019,3,276,Wednesday
3/28/2019,37.16,1.33,6.43,1.4,14,6,0,7,1,2019,3,276,Thursday
3/29/2019,71.80,3,4.298,4,25.3,10,0,16,9.2,2019,3,276,Friday
3/30/2019,52.54,4.66,10.68,1.1,18,11,1,0,6.1,2019,3,276,Saturday
3/31/2019,63.26,7,4.564,1.5,27,8,1,5,9.2,2019,3,276,Sunday
04-01-2019,64.36,3.01,1.703,3,34.65,12,0,5,5,2019,4,276,Monday
04-02-2019,61.00,7.67,1.33,3,24,7,0,10,8,2019,4,276,Tuesday
04-03-2019,55.53,5.33,5.099,1.5,18.3,12,0,4,9.3,2019,4,276,Wednesday
04-04-2019,90.73,4.5,2.226,8,39,8,1,13,15,2019,4,276,Thursday
04-05-2019,53.74,6.34,4.198,4,25.2,7,0,3,4,2019,4,276,Friday
04-06-2019,63.85,3.34,6.01,3,13.2,13,0,16,9.3,2019,4,276,Saturday
04-07-2019,44.12,6,5.119,4,19,3,0,0,7,2019,4,276,Sunday
04-08-2019,37.85,5,4.35,3.3,10,8.2,0,4,3,2019,4,276,Monday
04-09-2019,35.83,2.83,2,1,12,10,0,3,5,2019,4,276,Tuesday
04-10-2019,77.29,2.34,2.746,2,34,16.2,3,9,8,2019,4,276,Wednesday
04-11-2019,61.39,7.33,6.156,2,15.9,15,0,7,8,2019,4,276,Thursday
04-12-2019,58.40,4.33,4.373,4.1,16.6,16,0,6,7,2019,4,276,Friday
4/13/2019,37.73,4.5,4.134,1.1,14,4,0,6,4,2019,4,276,Saturday
4/14/2019,48.91,4,4.406,1,23,3,1,7,5.5,2019,4,276,Sunday
4/15/2019,51.76,4.66,6,5.3,8.8,17,2,3,5,2019,4,276,Monday
4/16/2019,52.87,2,2.67,2,27.2,12,3,1,3,2019,4,276,Tuesday
4/17/2019,66.75,7,4,1.25,13.5,11,1,24,5,2019,4,276,Wednesday
4/18/2019,0.00,0,0,0,0,0,0,0,0,2019,4,276,Thursday
4/19/2019,57.58,3.34,2.743,1.5,25,17,0,6,2,2019,4,276,Friday
4/20/2019,57.67,9,3.769,1.5,22.4,12,3,0,6,2019,4,276,Saturday
4/21/2019,57.89,3.84,4.845,3,21,11,0,2,12.2,2019,4,276,Sunday
4/22/2019,117.83,8.67,1.66,4.5,51,12,0,31,9,2019,4,276,Monday
4/23/2019,46.84,9,0.34,6.1,18.4,6,1,4,2,2019,4,276,Tuesday
4/24/2019,79.19,2.34,4.747,3,39.1,13,3,12,2,2019,4,276,Wednesday
4/25/2019,65.00,14.01,3.59,2,15,17,1,7,5.4,2019,4,276,Thursday
4/26/2019,61.87,6.34,1.68,3.25,32.6,6,0,1,11,2019,4,276,Friday
4/27/2019,76.14,17.34,2.497,3.1,25.2,13,1,7,7,2019,4,276,Saturday
4/28/2019,0.00,0,0,0,0,0,0,0,0,2019,4,276,Sunday
4/29/2019,49.90,5.33,6.367,2.6,27.6,5,0,0,3,2019,4,276,Monday
4/30/2019,84.81,2,1.407,8,22,13,2,28,8.4,2019,4,276,Tuesday
05-01-2019,20.36,2.34,4.02,1,8,1,0,1,3,2019,5,276,Wednesday
05-02-2019,60.61,1.68,5.429,5.5,20,15,1,3,9,2019,5,276,Thursday
05-03-2019,71.35,4.01,2.34,3,24,11,3,16,8,2019,5,276,Friday
05-04-2019,74.68,9,5.43,4.25,25,5,1,16,9,2019,5,276,Saturday
05-05-2019,51.62,7,2.42,4.2,31,2,0,0,5,2019,5,276,Sunday
05-06-2019,54.75,4.68,0.066,2,23,11,2,9,3,2019,5,276,Monday
05-07-2019,72.58,2.66,5.519,1,33.4,19,0,6,5,2019,5,276,Tuesday
05-08-2019,66.03,9,4.033,3,13,15,2,20,0,2019,5,276,Wednesday
05-09-2019,67.93,5,2.33,2.1,12.5,10,1,31,4,2019,5,276,Thursday
05-10-2019,66.44,5,1.34,5.5,11.6,13,2,26,2,2019,5,276,Friday
05-11-2019,58.64,5.34,5,5.5,16.8,9,0,12,5,2019,5,276,Saturday
05-12-2019,75.25,4.67,1.68,3.1,38.8,2,1,19,5,2019,5,276,Sunday
5/13/2019,62.73,5,4.527,2,26.2,11,0,11,3,2019,5,276,Monday
5/14/2019,59.03,6.67,4.363,4,25,5,0,11,3,2019,5,276,Tuesday
5/15/2019,52.62,4,1.066,4.15,28.4,7,0,5,3,2019,5,276,Wednesday
5/16/2019,51.36,5,1.067,2,12,9,1,16.29166667,5,2019,5,276,Thursday
5/17/2019,60.92,2.66,1.66,2.4,28,18,2,4,2.2,2019,5,276,Friday
5/18/2019,48.44,10,0.34,5.1,14,9,2,5,3,2019,5,276,Saturday
5/19/2019,64.27,6.67,5,4,26.4,9,0,9,4.2,2019,5,276,Sunday
5/20/2019,69.37,3.67,6.396,5,21.3,11,4,13,5,2019,5,276,Monday
5/21/2019,52.24,5.34,4,5.1,17.6,12.2,0,1,7,2019,5,276,Tuesday
5/22/2019,64.35,8.16,2.836,3.15,28.2,8,0,9,5,2019,5,276,Wednesday
5/23/2019,53.77,2.33,3.34,2,26.1,4,0,10,6,2019,5,276,Thursday
5/24/2019,65.24,5.34,3.703,3,36.2,8,1,5,3,2019,5,276,Friday
5/25/2019,75.44,11,3.34,4.1,35,4,0,16,2,2019,5,276,Saturday
5/26/2019,63.24,6.33,5.31,2,30,2.6,0,11,6,2019,5,276,Sunday
5/27/2019,35.54,4.67,0.67,1.2,19,8,0,0,2,2019,5,276,Monday
5/28/2019,55.82,4.33,3.99,6.3,18.2,10,2,5,6,2019,5,276,Tuesday
5/29/2019,40.89,5.5,2.34,4.05,15,10,1,0,3,2019,5,276,Wednesday
5/30/2019,40.94,5,0.34,3.4,17.2,5,0,6,4,2019,5,276,Thursday
5/31/2019,42.02,5.99,3.363,1,22.662,2,0,2,5,2019,5,276,Friday
06-01-2019,44.74,3,1.34,6,21.4,1,0,8,4,2019,6,276,Saturday
06-02-2019,52.71,4,2.66,3.05,28,4,1,6,4,2019,6,276,Sunday
06-03-2019,41.24,0.33,2.505,4,15.4,4,0,5,10,2019,6,276,Monday
06-04-2019,69.71,6.34,2.823,5.35,28.2,9,1,12,5,2019,6,276,Tuesday
06-05-2019,44.97,5,1.77,2.1,26.1,7,0,1,2,2019,6,276,Wednesday
06-06-2019,67.10,7.67,2.076,6.35,27,7,2,11,4,2019,6,276,Thursday
06-07-2019,54.67,6,2.67,2,22,6,0,16,0,2019,6,276,Friday
06-08-2019,44.16,3,3.66,1,22.4,12,0,0,2.1,2019,6,276,Saturday
06-09-2019,50.86,9.33,1.033,8,16.5,7,4,0,5,2019,6,276,Sunday
06-10-2019,46.34,3,1.34,2,15,7,0,6,12,2019,6,276,Monday
06-11-2019,72.17,11.34,3.33,10.5,25,9,0,7,6,2019,6,276,Tuesday
06-12-2019,47.61,8,3.406,1,16.2,11,0,1,7,2019,6,276,Wednesday
6/13/2019,36.35,0.68,3.02,0.25,19.4,2,0,2,9,2019,6,276,Thursday
6/14/2019,33.53,3.18,3.35,3,15,2,1,0,6,2019,6,276,Friday
6/15/2019,58.46,7,3.463,5,15,13,0,7,8,2019,6,276,Saturday
6/16/2019,41.35,4,5.35,3,18,2,0,0,9,2019,6,276,Sunday
6/17/2019,42.66,6.66,4.66,3,18,6,0,2,2.34,2019,6,276,Monday
6/18/2019,63.81,5,4.21,3,29.5,8,0,2,12.1,2019,6,276,Tuesday
6/19/2019,42.20,3.67,3.033,3,18,6,1,2,5.5,2019,6,276,Wednesday
6/20/2019,44.36,5,4.363,3,15,9,4,0,4,2019,6,276,Thursday
6/21/2019,54.13,3,2.33,3,24.8,8,3,4,6,2019,6,276,Friday
6/22/2019,62.00,3,4,0,25,11,2,12,5,2019,6,276,Saturday
6/23/2019,49.82,9.33,4.792,5.5,18.2,1,0,10,1,2019,6,276,Sunday
6/24/2019,58.78,10,4.68,3.1,19,9,3,3,7,2019,6,276,Monday
6/25/2019,35.98,2.34,2.638,5,12,10,1,0,3,2019,6,276,Tuesday
6/26/2019,29.04,2,3.44,1,11.6,5,1,0,5,2019,6,276,Wednesday
6/27/2019,48.49,8.16,6.33,4,15,5,1,7,2,2019,6,276,Thursday
6/28/2019,32.83,4.33,1.496,2,15,5,0,2,3,2019,6,276,Friday
6/29/2019,39.18,1.18,5.7,5,18.3,2,0,5,2,2019,6,276,Saturday
6/30/2019,73.16,6,6.159,0,40,5,0,11,5,2019,6,276,Sunday
07-01-2019,41.33,5.33,2,1,14,7,0,8,4,2019,7,276,Monday
07-02-2019,40.97,5.66,3.012,4,14,9,0,1,4.3,2019,7,276,Tuesday
07-03-2019,54.90,4,2.849,4,30.05,9,0,1,4,2019,7,276,Wednesday
07-04-2019,37.50,5.33,1.67,0,13,7,1,3,6.5,2019,7,276,Thursday
07-05-2019,44.41,4.33,3.08,4,20,11,0,0,2,2019,7,276,Friday
07-06-2019,31.04,4.34,1.703,3,16,2,0,1,3,2019,7,276,Saturday
07-07-2019,50.12,5.66,6.463,3,25,2,0,3,5,2019,7,276,Sunday
07-08-2019,51.97,6,4.373,2,21.4,9.2,1,4,4,2019,7,276,Monday
07-09-2019,49.37,2.67,2.703,8,15,12,4,3,2,2019,7,276,Tuesday
07-10-2019,55.47,10,5.67,5,19.6,10.2,0,1,4,2019,7,276,Wednesday
07-11-2019,41.06,3.33,4.726,4,19,7,0,0,3,2019,7,276,Thursday
07-12-2019,65.34,11,5.09,4.05,34,7.2,0,2,2,2019,7,276,Friday
7/13/2019,40.02,5,3.417,1,17.6,5,3,0,5,2019,7,276,Saturday
7/14/2019,47.34,6,5.34,4,23,3,0,5,1,2019,7,276,Sunday
7/15/2019,51.55,7.33,1.67,4.55,24,6,1,0,7,2019,7,276,Monday
7/16/2019,40.34,7,3.34,3,14,7,0,2,4,2019,7,276,Tuesday
7/17/2019,42.65,3.99,0.157,2.5,26,7,1,0,2,2019,7,276,Wednesday
7/18/2019,56.63,11,3.33,1.3,24,11,0,3,3,2019,7,276,Thursday
7/19/2019,69.67,7.33,5.34,4,28,15,0,3,7,2019,7,276,Friday
7/20/2019,38.99,4.34,4.449,1,17.2,4,0,6,2,2019,7,276,Saturday
7/21/2019,32.80,6.34,0.363,1.1,16,5,0,1,3,2019,7,276,Sunday
7/22/2019,35.91,1,2.66,2,14.25,10,0,0,6,2019,7,276,Monday
7/23/2019,34.86,1.34,0.67,5.2,7.25,11,0,7,2.4,2019,7,276,Tuesday
7/24/2019,66.64,8,3.769,2,30.875,19,0,2,1,2019,7,276,Wednesday
7/25/2019,61.00,6,7,5,20,9,1,11,2,2019,7,276,Thursday
7/26/2019,56.60,12.5,4,0.1,17,12,0,8,3,2019,7,276,Friday
7/27/2019,40.74,3.34,0,1,22,6,3,2,3.4,2019,7,276,Saturday
7/28/2019,27.28,4.34,1.34,4,13,3,1,0,0.6,2019,7,276,Sunday
7/29/2019,55.78,9,4.33,2,25.45,12,0,1,2,2019,7,276,Monday
7/30/2019,90.69,9.5,6.187,5,19,9,4,33,5,2019,7,276,Tuesday
7/31/2019,35.84,0,2.84,2,21,4,0,4,2,2019,7,276,Wednesday
08-01-2019,57.58,8.67,0.913,2,37,6,0,1,2,2019,8,276,Thursday
08-02-2019,43.68,5,1.68,3,18,7,2,6,1,2019,8,276,Friday
08-03-2019,39.72,5.34,4.68,2.3,12,6,5,1,3.4,2019,8,276,Saturday
08-04-2019,54.47,6.5,2.67,5,24,10,0,2,4.3,2019,8,276,Sunday
08-05-2019,28.30,4,1,4.3,6,7,1,5,0,2019,8,276,Monday
08-06-2019,49.92,10,4.67,2,17.25,4,0,6,6,2019,8,276,Tuesday
08-07-2019,49.76,6,1.759,2,9,7,0,21,3,2019,8,276,Wednesday
08-08-2019,70.67,7.66,1.01,3,15,10,0,31,3,2019,8,276,Thursday
08-09-2019,38.25,3,3.25,0,8,13,5,1,5,2019,8,276,Friday
08-10-2019,36.01,3.33,0.68,6,15,11,0,0,0,2019,8,276,Saturday
08-11-2019,45.85,7,6.85,4,16,5,2,2,3,2019,8,276,Sunday
08-12-2019,70.33,8.33,4.496,1,36,11,1,5,3.5,2019,8,276,Monday
8/13/2019,32.90,8,1.896,2,15,3,0,2,1,2019,8,276,Tuesday
8/14/2019,37.11,4.34,0.67,3.1,20,6,0,0,3,2019,8,276,Wednesday
8/15/2019,46.66,8.67,1.99,2,12,9,0,11,2,2019,8,276,Thursday
8/16/2019,53.01,3.33,2.68,2,13,15,0,10,7,2019,8,276,Friday
8/17/2019,41.15,7.67,4.531,2.45,18,5,1,0,2.5,2019,8,276,Saturday
8/18/2019,34.69,4.84,2.846,1,11,4,0,7,4,2019,8,276,Sunday
8/19/2019,37.35,3.68,3.67,4,9,11,2,0,4,2019,8,276,Monday
8/20/2019,31.72,2,1.32,2,13.4,8,0,2,3,2019,8,276,Tuesday
8/21/2019,45.79,4.34,4,0,19.45,10,0,5,3,2019,8,276,Wednesday
8/22/2019,54.34,5.34,4,2,20,8,2,10,3,2019,8,276,Thursday
8/23/2019,49.88,9.67,5.156,4.05,12,11,2,4,2,2019,8,276,Friday
8/24/2019,61.96,13.84,6.02,3,24.6,9,0,0,5.5,2019,8,276,Saturday
8/25/2019,32.35,3,3.35,2,17,4,0,3,0,2019,8,276,Sunday
8/26/2019,43.04,2.67,2.373,3,18,11,0,3,3,2019,8,276,Monday
8/27/2019,36.35,2.34,2.01,3,21,3,0,0,5,2019,8,276,Tuesday
8/28/2019,28.76,3.33,1.427,5,10,6,1,0,2,2019,8,276,Wednesday
8/29/2019,46.08,9,1.68,5,17.4,9,1,1,2,2019,8,276,Thursday
8/30/2019,38.50,6.34,1.056,2,19,3,0,2,5.1,2019,8,276,Friday
8/31/2019,41.62,4.68,3.936,2,15,5,1,4,6,2019,8,276,Saturday
09-01-2019,46.56,2,4.36,5,17,8.2,1,5,4,2019,9,276,Sunday
09-02-2019,44.92,5.33,2.087,2.5,18,7,0,1,9,2019,9,276,Monday
09-03-2019,40.94,9.36,2.35,3.1,12.125,8,3,1,2,2019,9,276,Tuesday
09-04-2019,46.75,2,0.373,2.15,29.23,7,0,3,3,2019,9,276,Wednesday
09-05-2019,42.53,7,9.53,2,14,1,0,1,8,2019,9,276,Thursday
09-06-2019,42.25,1.68,2.67,1,28.4,7,0,0,1.5,2019,9,276,Friday
09-07-2019,66.00,8.33,3.67,2,27,14,3,6,2,2019,9,276,Saturday
09-08-2019,55.10,7.01,6.087,3,26,7,0,3,3,2019,9,276,Sunday
09-09-2019,46.30,1.18,2.124,3,26,4,3,5,2,2019,9,276,Monday
09-10-2019,60.54,8.66,6.68,4.2,22,17,0,1,1,2019,9,276,Tuesday
09-11-2019,65.25,2.67,5.076,3,42,5,0,5,2.5,2019,9,276,Wednesday
09-12-2019,52.85,2.33,1.34,2,21.975,11.2,0,10,4,2019,9,276,Thursday
9/13/2019,52.69,6.34,3.35,2,17,12,2,5,5,2019,9,276,Friday
9/14/2019,66.84,8.99,6.397,3.45,24,12,0,2,10,2019,9,276,Saturday
9/15/2019,52.75,5.34,6.01,2,25.4,6,0,2,6,2019,9,276,Sunday
9/16/2019,44.65,9.33,2.316,3,22,5,1,0,2,2019,9,276,Monday
9/17/2019,49.41,4.5,3.007,6.5,19.2,8.2,0,6,2,2019,9,276,Tuesday
9/18/2019,47.66,6.33,4.33,7,22,4,0,2,2,2019,9,276,Wednesday
9/19/2019,60.67,7.33,3.34,3,33,5,2,3,4,2019,9,276,Thursday
9/20/2019,69.02,5.34,3.383,2,51.3,3,0,1,3,2019,9,276,Friday
9/21/2019,74.61,10.68,5.68,1,44.25,3,0,6,4,2019,9,276,Saturday
9/22/2019,80.07,3.33,3.34,1.9,56.5,3,0,8,4,2019,9,276,Sunday
9/23/2019,79.19,5.34,4.549,3.3,55,6,0,1,4,2019,9,276,Monday
9/24/2019,89.64,2,1.34,6,61.3,12,0,1,6,2019,9,276,Tuesday
9/25/2019,66.79,6,3.67,4.2,32.5,14,1,1.416666667,4,2019,9,276,Wednesday
9/26/2019,85.53,5.5,3.033,2,31,13,0,31,0,2019,9,276,Thursday
9/27/2019,64.12,4.66,4.359,4,41.1,4,0,2,4,2019,9,276,Friday
9/28/2019,70.98,7,1.68,4.1,48,6.2,0,1,3,2019,9,276,Saturday
9/29/2019,89.28,3.51,3.867,3,67.8,6,0,3,2.1,2019,9,276,Sunday
9/30/2019,70.94,2,1.439,2.1,49.4,9,0,5,2,2019,9,276,Monday
10-01-2019,98.35,11.34,2.406,0.1,47,15,4,17,1.5,2019,10,276,Tuesday
10-02-2019,52.55,5.18,3.274,2.8,30.2,9,1,0,1.1,2019,10,276,Wednesday
10-03-2019,66.40,5,3,4,40.4,10,0,2,2,2019,10,276,Thursday
10-04-2019,52.72,7.34,5.683,2.25,22.45,13,0,1,1,2019,10,276,Friday
10-05-2019,47.58,3.84,5.01,6,25.4,7,0,0,0.33,2019,10,276,Saturday
10-06-2019,67.49,4,11.69,2,34.6,6,0,5,4.2,2019,10,276,Sunday
10-07-2019,82.65,7.34,4.507,3,50.8,6,0,10,1,2019,10,276,Monday
10-08-2019,70.86,0.33,1.73,0.5,44.3,20,2,2,0,2019,10,190,Tuesday
